6009 7342
1158 1311 1604 1381 onerario
2184 1302 2222 1375 n

546 1448 744 1521 delineavit
771 1468 972 1543 eorumque
1003 1446 1183 1519 coloribus
1212 1446 1368 1541 propriis
1399 1438 1643 1555 sttnrsteselhst
1660 1440 1862 1553 gezeichmt
1877 1442 1955 1523 und
1969 1442 2038 1520 mit
2055 1440 2153 1523 ihren
2171 1472 2235 1525 ne·

545 1596 685 1690 pinxit,
706 1618 788 1665 cum
801 1591 1096 1689 descriptionibus
1108 1592 1227 1661 latinis
1240 1592 1275 1663 u
1288 1614 1368 1687 ger·
1411 1585 1586 1663 tiirliehen
1619 1584 1755 1668 Farbou
1781 1586 1961 1695 genralrlet
1990 1587 2078 1676 hat,
2097 1592 2237 1691 sanrmtt

546 1746 696 1816 manicis
714 1756 851 1836 paratae
873 1738 1012 1819 adsunt.
1034 1737 1104 1809 Hae
1115 1735 1369 1833 descriptiones
1411 1728 1478 1807 den
1501 1730 1598 1809 datu
1610 1732 1801 1841 geho'rigerr
1824 1729 2019 1834 lateinisch·
2043 1734 2120 1813 und
2135 1737 2236 1815 deut.

545 1892 583 1959 in
601 1891 723 1985 lingua
743 1886 906 1959 technica
924 1885 1066 1957 Linnaei
1079 1885 1298 1972 elaboratae,
1314 1907 1368 1954 re·
1400 1875 1506 1971 scien
1531 1871 1850 1983 Btschreibuttgen,
1874 1880 2001 1985 fertig
2031 1879 2079 1957 da
2109 1882 2237 1991 liegcn.

545 2036 641 2132 gulis
669 2036 744 2121 ejus
772 2034 808 2105 in
831 2028 1069 2127 Philosophia
1098 2032 1290 2116 butanica,
1322 2030 1368 2101 ab
1412 2020 1485 2097 Die
1500 2018 1788 2129 Beschreibungen
1805 2023 1892 2120 find
1908 2024 1946 2100 in
1975 2024 2036 2101 der
2063 2054 2133 2107 von
2149 2030 2237 2109 Lin-

545 2180 623 2276 iplo
646 2135 763 2266 datie,
792 2194 968 2276 qnantum
992 2178 1060 2250 fuit
1081 2175 1268 2274 poffibile,
1295 2180 1367 2250 liri·
1410 2177 1456 2245 ne'
1474 2163 1722 2275 eingest't'hrten
1751 2168 2000 2273 llunstspracte
2026 2168 2238 2279 abgn‘afflu

547 2345 604 2398 cte
621 2324 803 2397 adhibitis.
839 2326 919 2397 Hac
941 2325 1125 2398 occasione
1144 2326 1285 2423 aliquot
1297 2350 1370 2425 no·
1410 2341 1465 2390 wo
1481 2338 1566 2389 man
1585 2306 1863 2417 miglichstseine
1883 2316 1920 2395 in
1940 2314 2003 2391 der
2026 2319 2239 2424 Philosophia

546 2500 598 2547 va
618 2474 759 2545 detecta
775 2470 854 2543 sunt
866 2496 1023 2569 genera,
1048 2472 1249 2569 multaeque
1260 2496 1370 2544 novae
1412 2454 1581 2535 botanim
1595 2452 1794 2561 gegebeneu
1819 2458 1955 2567 Regeln
1983 2459 2139 2573 iesolget
2159 2468 2239 2553 hot.

547 2620 682 2713 partim
703 2614 883 2689 rarissimae
901 2616 1055 2713 species,
1079 2617 1278 2715 simulque,
1298 2642 1372 2691 non
1415 2598 1573 2705 lherbey
1585 2598 1780 2699 habenfict
1797 2606 1919 2683 etliche
1938 2634 2023 2685 neue
2045 2610 2241 2715 Geschlech·

548 2764 757 2836 novationis
779 2766 943 2860 pruritu,
972 2761 1033 2837 sed
1055 2781 1205 2862 urgente
1226 2768 1371 2838 attenti·
1414 2764 1475 2825 ter
1496 2746 1574 2825 und
1589 2748 1678 2823 niele
1695 2776 1780 2829 ηενρ
1800 2776 1883 2829 zum
1908 2752 2009 2833 Theti
2011 2758 2094 2859 sehr
2104 2758 2241 2859 seltene

550 2914 642 2981 tiore
667 2910 978 3003 contemplatione
1008 2924 1134 3004 aptum
1165 2910 1372 3006 partimque
1415 2894 1470 2969 Ar
1479 2908 1542 2969 ten
1560 2890 1744 2974 enedeciet
1754 2921 1772 2988 ,¹
1799 2898 2000 2998 ouchfand
2013 2930 2116 2991 niun,
2143 2906 2241 2982 nicht

549 3034 780 3127 necessarium
806 3052 922 3125 visum
952 3054 1026 3139 esi,
1062 3071 1100 3125 ut
1131 3055 1306 3151 aliquales
1339 3056 1375 3124 in
1417 3062 1485 3113 Μ
1506 3036 1844 3143 ΜῑίίῒὶίηξΙῙνῐῇΐ,
1859 3044 2017 3143 fondere!
2047 3046 2157 3125 durch
2185 3050 2240 3127 die

551 3203 750 3297 systemate
767 3200 969 3271 Liunaeano
989 3200 1115 3269 fierem
1132 3200 1375 3281 mutationes;
1412 3216 1552 3297 gettaue
1591 3187 1839 3304 Beohaelttmg
1879 3204 2027 3281 veranla
2052 3218 2119 3291 et,
2164 3208 2241 3305 fiir

549 3349 592 3418 lic
616 3372 672 3429 ex,
697 3372 754 3443 gr.
779 3368 892 3440 genus
921 3342 1162 3414 Linnaeanum
1191 3342 1376 3421 Nautisus
1405 3332 1682 3435 schichsichund
1694 3339 1797 3417 theiis
1812 3345 1956 3452 nithig,
1974 3352 2011 3427 in
2031 3348 2241 3426 demlinnei.

552 3494 689 3564 dictum
698 3544 713 3581 ,
730 3486 960 3562 solummodo
980 3504 1133 3585 propter
1150 3490 1285 3560 multos
1299 3488 1376 3560 tha·
1405 3482 1510 3580 scheri
1524 3482 1654 3586 Syfiem
1666 3484 2078 3599 einigeAbe'rrderungett
2090 3522 2138 3571 au
2150 3497 2243 3594 tref-

553 3640 672 3711 lamos
684 3693 695 3728 ,
736 3634 942 3734 poiihabito
971 3636 1135 3707 omnium
1159 3634 1378 3729 reliquarum
1409 3629 1501 3725 fen,
1528 3652 1561 3701 z.
1578 3622 1616 3701 B.
1630 3652 1696 3703 aus
1712 3628 1845 3707 Linnes
1860 3636 2057 3741 einzigem,
2077 3634 2163 3741 bloss
2175 3671 2241 3721 we.

553 3785 712 3881 partium
737 3780 884 3853 dissensu
907 3780 1073 3878 saciequc
1096 3778 1291 3854 externas.
1311 3777 1376 3849 ha·
1414 3798 1488 3879 gen
1514 3769 1577 3846 der
1602 3773 1714 3852 vielett
1743 3778 1935 3858 &nentem
1958 3785 2027 3859 mit
2049 3788 2257 3897 Hintansey

523 3932 634 4004 ·biru
646 3984 658 4019 ,
699 3930 804 3999 nimie
830 3931 866 3997 in
899 3950 1012 3997 unum
1042 3927 1303 4020 constipatum,
1339 3926 1377 3993 in
1418 3934 1537 4023 tauttg
1557 3920 1645 3994 aher
1669 3914 1819 4026 alrigen
1854 3924 2244 4041 Unubereinstimnmug

557 4091 716 4173 quatuor
721 4096 868 4171 genera,
878 4075 1047 4142 nimirum
1055 4069 1248 4157 Mutilus,
1260 4068 1376 4146 Ham·
1419 4066 1484 4144 der
1507 4068 1622 4147 thile
1640 4076 1717 4149 unt!
1733 4076 1793 4151 des
1814 4079 2043 4178 cirtsserlichen
2064 4085 2244 4185 Ansehens

556 4222 735 4308 monium,
765 4220 977 4297 Orthoceras
1003 4218 1040 4288 ὅτ
1063 4214 1200 4292 lituus
1222 4214 1378 4286 divisum
1420 4212 1556 4313 zusehr
1570 4216 1767 4317 zttstrrumen
1775 4246 2039 4329 gezwnngenen
2054 4228 2244 4329 Gesthleeht

556 4366 603 4437 eil
619 4364 1062 4470 13),porroArg0nauta
1076 4355 1260 4466 Cynthium
1270 4361 1378 4439 Linn.
1421 4360 1590 4433 Nautilus
1630 4362 1708 4437 oter
1747 4364 2010 4462 Geschlechter·:
2046 4372 2241 4465 Nautilus,

557 4513 606 4585 ad
621 4510 887 4609 polythalamia
907 4508 1099 4579 translatus
1115 4508 1188 4579 dcc.
1223 4506 1297 4579 Pro
1314 4505 1380 4579 ob·
1422 4507 1710 4595 Hammonium,
1742 4506 1964 4586 Otthoceras
1989 4518 2068 4595 und
2087 4520 2242 4613 Liuius,

556 4662 658 4750 jectis
680 4682 755 4729 non
785 4655 901 4728 solum
927 4652 1098 4725 Testacea
1126 4652 1380 4749 microscopica
1424 4654 2244 4760 zuntacheu13),denArgonautaCymbium

558 4805 707 4899 proprie
732 4803 776 4874 lic
803 4800 899 4871 dicta
920 4802 1034 4873 electa
1058 4797 1136 4872 sunt
1148 4855 1161 4891 ,
1187 4800 1380 4873 sedetiam
1423 4800 1471 4877 L.
1482 4816 1591 4877 unter-
1602 4800 1656 4877 die
1672 4803 1984 4915 vielknnmrerigen
2002 4836 2049 4886 zu
2064 4814 2245 4912 versetoen

603 5030 661 5116 13)
684 5026 759 5091 Hac
770 5029 805 5090 in
816 5046 851 5091 re
865 5030 934 5111 jem
947 5026 1185 5091 antecessorem
1199 5024 1381 5103 habemus,
1469 5025 1526 5111 13)
1550 5030 1622 5091 Wtr
1639 5030 1726 5095 haben
1750 5034 1840 5103 hierita
1860 5042 1963 5105 herem
1978 5050 2057 5106 einen
2080 5046 2249 5131 Vorgiugtr

642 5136 680 5199 in
702 5134 768 5198 hac
783 5135 950 5202 naturalis
966 5132 1110 5198 hisioriae
1129 5141 1225 5215 parte
1243 5148 1306 5213 pro
1323 5129 1382 5194 iho
1511 5156 1549 5195 atr
1568 5134 1631 5197 dem
1654 5144 1686 5201 in
1703 5142 1803 5222 diesem
1832 5148 1904 5211 Fach
1920 5150 1973 5213 der
1998 5152 2249 5237 Natnrgesclichte

641 5254 820 5326 tempore,
852 5260 921 5327 quo
943 5241 1053 5321 vixit,
1083 5237 1209 5303 saniori
1230 5237 1384 5303 doctrina
1499 5242 1566 5321 sur
1576 5240 1800 5323 flitr'Zeitalter
1808 5256 1879 5334 fiir
1898 5256 2097 5341 arnhellttmn
2112 5258 2248 5341 Brcyn,

641 5344 838 5412 instructum
853 5350 1033 5431 Breyuiem,
1054 5347 1167 5434 quiin
1187 5342 1244 5408 sua
1261 5346 1384 5431 Difflrr.
1508 5350 1559 5413 der
1572 5354 1604 5412 in
1612 5350 1710 5430 fiiner
1721 5354 1856 5425 Diliert.
1874 5359 1969 5447 phys.
1990 5362 2032 5427 de
2048 5363 2248 5446 Polythala·

638 5456 722 5546 Μ
742 5454 777 5521 lie
795 5457 1010 5540 Pohthalamiis
1033 5454 1093 5523 &a
1111 5456 1334 5538 Gerant1732·
1349 5462 1384 5528 4.
1510 5454 1587 5518 mite
1605 5456 1667 5522 διο.
1685 5459 1819 5527 cedant
1839 5482 1929 5556 1732.
1950 5484 1983 5553 4.
1994 5494 2025 5559 p.
2046 5486 2093 5537 12.
2108 5473 2171 5535 eben
2182 5474 2240 5537 die·

500 5580 505 5587 ·
640 5582 672 5649 p.
698 5579 748 5628 12.
769 5565 865 5630 endem
873 5564 1022 5653 hoissotu,
1041 5558 1384 5645 ordinestiumittoezfiu
1502 5564 1763 5661 filiiurheilnng,
1788 5584 1904 5643 ueriti
1929 5581 2145 5666 ttmgmrnirer
2174 5582 2249 5645 Ord-

642 5668 710 5753 usus
729 5668 780 5752 est.
1514 5692 1592 5759 rturtg
1610 5673 1673 5749 bne,

1783 5806 1878 5909 )()(
