6009 7342
853 1290 901 1387 4⁶
1522 1286 1900 1339 2--2-

854 1466 1055 1543 evidentite
1074 1478 1306 1562 peccaretur,
1335 1464 1511 1564 quoniam
1532 1460 1601 1535 hac
1630 1488 1685 1536 ra·
1727 1491 1820 1552 nen,
1854 1462 1939 1541 coeil
1966 1462 2041 1562 cus
2052 1456 2165 1563 fitlcle
2199 1464 2310 1543 Weie
2337 1462 2437 1566 diese
2469 1466 2570 1543 einer

853 1594 956 1666 tione
964 1589 1042 1662 haec
1052 1592 1088 1661 in
1100 1589 1232 1686 duplici
1241 1588 1463 1664 sumerentur
1471 1588 1580 1662 sensu.
1592 1588 1684 1662 Inte·
1727 1587 1942 1690 Doppelfitm
1962 1581 2069 1664 haben
2093 1588 2264 1673 nitrien,
2284 1584 2438 1665 welches
2455 1588 2569 1665 wider

853 1739 918 1791 rea
926 1713 1097 1787 Linnaeus
1107 1714 1225 1787 forsan
1239 1704 1406 1802 crediditj
1415 1714 1511 1787 litias
1522 1716 1683 1786 elevatas
1727 1707 1782 1784 die
1809 1708 1924 1817 Regtl
1942 1710 2007 1787 der
2029 1708 2271 1793 Deutliciteit
2290 1721 2409 1789 entire.
2452 1710 2569 1816 Indes-

852 1840 924 1917 es'e
943 1842 1138 1931 articulos,
1165 1843 1191 1912 i.
1210 1864 1243 1914 e.
1264 1842 1426 1939 tegmina
1443 1842 1515 1911 stre
1526 1839 1683 1932 parietes
1713 1832 1878 1931 finisset
1892 1832 2154 1941 auchmdgliclt,
2167 1837 2243 1940 dass
2254 1832 2568 1943 Linnigegltrubt

852 1966 1056 2064 superiores
1079 1964 1353 2053 thalamorum,
1382 1980 1419 2035 et
1452 1961 1566 2035 sulcos
1596 1986 1684 2058 pro·
1722 1952 1789 2031 iat
1798 2007 1812 2042 ,
1829 1956 1884 2033 die
1904 1958 2085 2036 erioieten
2102 1961 2265 2057 Streisetr
2273 1955 2495 2037 hieroam
2511 1960 2566 2037 die

852 2090 1042 2165 sundiores
1058 2094 1213 2163 lineatos
1233 2090 1296 2163 vel
1314 2104 1479 2161 crenatos
1491 2087 1559 2159 esse
1580 2086 1683 2159 adis·
1727 2078 1873 2156 Glieder
1882 2134 1897 2171 ‚
1922 2081 1970 2164 'd
1989 2084 2014 2163 l.
2031 2080 2087 2158 lie
2106 2078 2245 2161 Decken
2270 2079 2355 2159 oder
2378 2080 2441 2159 die
2460 2079 2564 2161 obem

852 2217 1061 2314 sepimentis
1081 2216 1239 2288 suffultas
1266 2230 1414 2312 partes,
1438 2215 1474 2286 dt
1498 2229 1583 2284 tunc
1603 2237 1683 2287 om·
1727 2202 1869 2283 dede
1889 2205 1954 2283 der
1976 2204 2192 2292 daumero,
2218 2206 2298 2283 uttd
2321 2206 2380 2282 die
2409 2206 2563 2303 vertief·

852 2344 1026 2414 triacum
1056 2341 1265 2424 definitione
1295 2336 1357 2410 sua
1385 2339 1477 2410 bene
1497 2337 1685 2412 convenis·
1723 2343 1787 2405 ten
1809 2330 2052 2436 gestrichelren
2074 2328 2158 2406 oder
2179 2323 2375 2433 gelterlten
2406 2326 2562 2409 Furtim

852 2464 943 2541 sent.
968 2466 1141 2539 Ceterum
1163 2489 1313 2564 quoque
1345 2466 1516 2562 exempla
1549 2468 1584 2534 in
1608 2486 1685 2535 me·
1725 2453 1957 2555 darzwischen
1984 2452 2038 2530 die
2069 2478 2138 2531 von
2171 2450 2236 2528 dett
2266 2448 2562 2533 Seieidetocrden

854 2587 919 2663 dio
935 2587 1035 2679 sunt,
1058 2614 1142 2688 quae
1158 2591 1348 2680 testantur,
1368 2590 1561 2662 Linnaeum
1573 2594 1610 2660 in
1623 2590 1685 2661 de·
1728 2579 1993 2675 interstitzten
2021 2576 2137 2656 Tltct'le
2147 2628 2162 2665 ‚
2187 2574 2376 2691 uududann
2394 2574 2502 2656 idere
2521 2602 2559 2653 et·

852 2712 1047 2787 scribendis
1058 2714 1241 2812 speciebus
1261 2716 1403 2813 regulas
1420 2714 1498 2788 suas
1512 2719 1685 2790 termino·
1726 2715 1812 2793 nach
1814 2713 1932 2815 stitter
1947 2712 2145 2807 Definitlou
2164 2714 2259 2791 recht
2273 2709 2419 2822 gelralt.
2449 2708 2559 2798 Olti-

853 2838 991 2937 sogicas
1012 2863 1087 2909 non
1110 2838 1251 2936 semper
1280 2839 1361 2911 satis
1384 2842 1497 2913 liricte
1524 2840 1683 2912 secutum
1721 2864 1811 2946 gens
1828 2838 1893 2913 iat
1910 2862 1994 2914 man
2021 2830 2217 2941 Beyspiele‚
2244 2836 2322 2938 dress
2347 2838 2471 2916 Linni
2496 2834 2558 2943 bey

853 2960 946 3051 effe,
968 2964 1071 3037 verbi
1093 2966 1219 3039 causa:
1251 2964 1441 3037 Nautilum
1464 2966 1593 3038 Calcar
1621 2965 1682 3037 de·
1723 2958 2228 3069 suuithuugverschieduer
2236 2962 2558 3061 Artenseinenter·

852 3088 982 3183 scripsit
996 3091 1170 3196 geniculis
1182 3088 1353 3180 elevatis,
1375 3092 1423 3165 N.
1438 3090 1608 3188 rugosum
1617 3113 1684 3162 ve·
1726 3085 1984 3193 minologisslteu
2005 3082 2140 3190 Regeln
2159 3083 2253 3161 nicht
2273 3087 2417 3169 aslezeit
2426 3105 2558 3195 gerres

851 3234 896 3284 ro
919 3208 1165 3315 siffepimentis
1189 3216 1337 3285 internis
1367 3214 1581 3286 extrinsecus
1595 3232 1682 3317 pro·
1723 3203 1902 3315 gellitben
1920 3208 1971 3303 ist.
1999 3202 2113 3285 Z.B·
2135 3206 2401 3288 dermatius
2424 3214 2554 3289 calcar

853 3337 1025 3425 minulis,
1056 3360 1140 3407 cum
1160 3352 1283 3407 tamen
1309 3340 1348 3409 vi
1373 3339 1589 3410 definitionis
1612 3340 1681 3411 suae
1726 3327 1912 3433 lesclreibt
1935 3357 1974 3409 er
1995 3335 2062 3409 mit
2089 3334 2259 3429 geniculis
2283 3336 2436 3407 clevatis
2450 3388 2465 3422 ‚
2490 3336 2553 3411 dett

854 3462 1021 3559 genicula
1041 3484 1115 3531 non
1134 3464 1280 3533 elevata
1293 3464 1329 3533 dc
1349 3461 1596 3557 dissepimenta
1609 3495 1682 3541 non
1725 3454 1846 3531 Naut-
1869 3456 2017 3563 rugtffus
2041 3458 2109 3531 mli
2129 3454 2381 3553 dissepimentis
2400 3464 2555 3541 internis

853 3586 1061 3682 prominula
1084 3583 1151 3656 effe
1174 3584 1341 3657 debeant.
1375 3585 1572 3662 Occasione
1599 3592 1683 3665 data
1726 3581 1943 3658 exstinctus
1963 3584 2201 3675 mministis,
2229 3582 2552 3690 dadocltttacltset'·

852 3711 1132 3808 praetermittere
1155 3712 1357 3798 nolumus,'
1369 3736 1502 3784 vocem
1521 3728 1683 3795 coarcta.
1726 3728 1791 3779 ner
1802 3698 2017 3810 Erildtung
2024 3705 2185 3811 genicula
2195 3710 2289 3785 uicit
2300 3709 2463 3799 elevata,
2483 3707 2556 3815 end

852 3834 907 3913 rio
928 3858 949 3905 a
965 3832 1067 3906 Duo.
1086 3832 1281 3907 Schriitero
1300 3838 1325 3909 Ι.
1339 3840 1398 3909 cit.
1413 3837 1522 3911 sensui
1536 3844 1682 3913 liunaea-
1725 3823 1959 3927 diffipt'mettta
1966 3828 2059 3905 nicht
2064 3832 2272 3932 prominula
2267 3834 2354 3940 styn
2350 3835 2473 3936 solen.
2486 3834 2551 3912 Ge-

853 3982 904 4033 no
930 3960 1089 4032 strictiori
1111 3984 1184 4031 non
1216 3958 1299 4033 satis
1329 3967 1589 4037 convenienter
1615 3993 1681 4039 vo·
1724 3957 1959 4064 legenlteitliclt
1978 3989 2026 4040 w
2036 3960 2174 4070 segeti,
2198 3965 2263 4042 lut
2293 3969 2365 4045 ΗΥ·
2389 3967 2554 4047 &Mser

853 4087 983 4158 cabulo
1014 4078 1253 4193 Verbindung
1271 4086 1555 4178 (Combiuatio,
1585 4090 1681 4162 Con·
1726 4109 1785 4157 cut
1804 4086 1923 4189 attgefl
1947 4088 2015 4161 Ort
2027 4086 2092 4162 clas
2112 4094 2225 4167 Wort
2241 4088 2449 4161 Coarctatio
2461 4091 2553 4168 uicit

852 4212 1016 4302 junctio),
1031 4211 1236 4305 germanice
1260 4212 1441 4283 redditam
1466 4213 1534 4285 elie
1545 4266 1558 4302 ,
1581 4218 1681 4313 quod
1724 4210 1774 4281 im
1808 4205 2035 4311 rigentlichen
2067 4210 2269 4313 linneischett
2300 4219 2390 4297 Siren
2422 4216 2554 4316 &ursel

853 4336 949 4410 Viro
988 4332 1072 4403 huic
1102 4331 1370 4407 laboriofiffimo
1405 4360 1615 4436 magnoque
1647 4344 1681 4411 in
1724 4326 1831 4407 durch
1847 4329 2086 4431 Verbissdung
2107 4334 2369 4431 (combinatio,
2385 4341 2553 4450 conjunc·

852 4456 999 4532 scientia
1026 4452 1338 4553 conchyliologica
1367 4460 1533 4553 erudito,
1563 4464 1681 4537 forsan
1723 4454 1793 4545 ΐῘθ)
1815 4450 2032 4555 ubersetzet,
2058 4460 2204 4539 welches
2222 4460 2342 4562 (ὕψη)
2355 4463 2399 4564 s0
2422 4462 2553 4544 vless-

851 4583 960 4657 nimis
980 4580 1157 4653 festinanti
1186 4580 1346 4676 elapsum
1372 4586 1447 4676 est,
1467 4588 1550 4661 ficut
1574 4594 1683 4662 etiam
1713 4574 1837 4675 fhntett
1856 4581 1992 4659 Manae
2018 4584 2095 4661 und
2103 4585 2246 4694 grtfien
2266 4586 2553 4698 Kottclryliologen

853 4708 1104 4782 verosimiliter
1121 4707 1249 4795 conjici
1260 4708 1363 4800 licet,
1383 4727 1505 4783 totum
1517 4741 1589 4786 non
1601 4740 1684 4811 per·
1725 4715 1763 4789 in
1775 4713 1857 4790 Eile
1869 4719 2151 4825 entwis;letseyn
2165 4749 2271 4828 mag,
2287 4725 2449 4801 coleman
2462 4726 2553 4803 dem

854 4830 989 4904 sectam
1018 4833 1220 4906 versionem
1249 4837 1414 4906 omnium
1446 4841 1684 4911 terminorum
1726 4836 1811 4912 auch
1838 4836 2033 4943 uberhaupt
2050 4847 2186 4943 ficher,
2221 4846 2300 4947 dost
2329 4847 2396 4924 des
2428 4848 2554 4929 Graue

855 4954 1129 5047 technicorum,
1147 4958 1206 5029 sed
1226 4964 1348 5051 potius
1369 4962 1619 5059 definitionum
1632 4965 1686 5037 so·
1728 4955 1823 5039 ieine
1842 4960 2085 5043 soliemnem
2104 4963 2348 5077 Ubersetzuug
2364 4971 2427 5049 der
2448 4978 2554 5053 Wor·

855 5078 1048 5151 lummodo
1067 5083 1179 5156 fuiffe.
1208 5083 1268 5156 Sic
1285 5088 1395 5157 etiam
1414 5088 1557 5160 fortasse
1581 5094 1685 5163 nimis
1727 5098 1764 5158 tt
1775 5137 1788 5173 ,
1802 5084 1958 5183 sondern
1980 5091 2148 5169 vielmeltr
2170 5120 2240 5170 nur
2265 5092 2329 5169 der
2349 5096 2553 5182 Erilurun.

855 5199 1087 5297 superficialis
1116 5205 1289 5301 inspectio
1317 5211 1456 5282 Nautili
1487 5213 1588 5309 crispi
1619 5240 1685 5287 no.
1722 5233 1794 5311 gen
1813 5209 2101 5313 hatstyrrsolett.
2135 5222 2183 5297 So
2203 5244 2288 5325 mag
2310 5221 2395 5297 atech
2412 5228 2488 5301 eine
2505 5252 2553 5305 zu

857 5326 964 5399 sirum
980 5325 1025 5399 de
1041 5329 1181 5425 reliquo
1194 5347 1327 5404 aeterne
1338 5338 1587 5409 venerandum
1599 5340 1684 5412 Lin-
1716 5345 1891 5453 fisicltige
1919 5353 2067 5446 Arrsteht
2098 5355 2160 5433 des
2180 5358 2302 5435 Nartt·
2333 5361 2465 5465 crispus
2490 5392 2553 5445 ten·

856 5474 981 5525 naeum
997 5452 1046 5544 ,in
1079 5476 1237 5525 errorem
1270 5457 1435 5550 induxit,
1466 5479 1507 5534 ut
1534 5466 1684 5567 planum
1715 5466 1800 5566 stra
1834 5466 2003 5577 dirigens
2043 5481 2133 5585 0ng
2172 5480 2405 5562 webrlichm
2437 5485 2556 5569 Lim

850 5574 978 5687 ercle,
1010 5576 1111 5675 quod
1135 5580 1355 5678 quandoque
1377 5584 1452 5656 fere
1471 5590 1683 5679 cordatum,
1728 5594 1895 5671 verleitet
1908 5593 2039 5687 halen,
2058 5601 2113 5678 die
2131 5604 2480 5703 Mfindungsflfiche,
2498 5613 2555 5691 dfe

857 5704 897 5775 in
928 5704 1145 5803 quibusdam
1170 5706 1422 5817 speciminibus
1441 5738 1532 5787 vero
1556 5717 1684 5791 admo·
1726 5720 1944 5802 maritimali
1955 5724 2037 5823 fast
2069 5727 2314 5843 hmfhrmpg,
2345 5760 2393 5815 an
2420 5737 2555 5819 andem

2716 1125 2727 1360 l

2731 3291 2741 3778 t
