6009 7342
1484 1310 1852 1350 m

842 1337 881 1405 1⁶
1522 1346 1818 1366 -—---

837 1527 1009 1603 magnam
1026 1500 1158 1575 versari
1185 1499 1396 1574 affinitatem
1416 1500 1541 1597 negari
1564 1493 1662 1565 haud
1707 1492 1783 1568 dem
1805 1488 1939 1565 Litum
1956 1480 2118 1561 nehalim
2141 1476 2217 1555 aad
2240 1477 2473 1559 Orthoura,
2489 1470 2539 1573 fh

841 1652 1024 1729 quaquam
1034 1626 1150 1725 poffit.
1705 1618 1770 1690 wie
1783 1609 1943 1709 zwisahea
1956 1606 2019 1684 den
2032 1602 2162 1709 heyden
2173 1603 2324 1698 erstem,
2340 1602 2416 1676 dem
2427 1598 2537 1673 Naa-

1706 1736 1796 1813 tilas
1816 1731 1892 1811 aad
1914 1730 2189 1821 Hammonium,
2208 1722 2292 1825 sehr
2321 1722 2397 1799 viel
2423 1700 2536 1800 ilber-

1707 1862 1951 1960 eiastimmaag
1969 1852 2133 1954 herrsche.

917 2012 1090 2084 Ceterum
1117 2003 1197 2074 haec
1223 2015 1381 2099 quatuor
1407 2018 1539 2095 genera
1567 1988 1666 2061 diffe·
1793 1960 1972 2084 librigeas
2000 1975 2252 2073 anterscheiden
2261 1974 2334 2073 fich
2352 1970 2437 2072 diese
2456 1971 2538 2043 vier

840 2155 924 2213 runt
945 2137 989 2207 ab
1008 2131 1175 2205 omnibus
1196 2129 1272 2197 aliis
1291 2124 1476 2217 hucusque
1499 2121 1595 2190 notis
1613 2132 1666 2186 te·
1711 2104 1948 2210 Geschleahter
1970 2129 2040 2177 van
2062 2103 2151 2177 aian
2171 2096 2321 2205 iibrigen
2341 2094 2456 2173 bisher
2481 2088 2537 2167 be-

842 2267 1039 2336 staceorum
1071 2254 1259 2351 generibus
1290 2254 1325 2318 in
1350 2272 1419 2334 eo,
1449 2244 1548 2343 quod
1568 2238 1668 2345 poly-
1710 2232 1864 2311 kannten
1886 2223 2346 2325 Sahalthier·Gesahleahtera
2367 2215 2538 2302 dadumi,

841 2385 1019 2464 thalamia
1037 2383 1122 2466 sint,
1149 2380 1287 2471 reliqua
1299 2396 1390 2445 vero
1403 2373 1527 2442 omnia
1540 2366 1671 2437 solum·
1714 2356 1791 2453 dast
1804 2354 1859 2450 ste
1887 2349 2163 2442 vielkammerig
2179 2343 2288 2443 find,
2322 2346 2388 2421 alle
2414 2338 2538 2448 iibrige

840 2508 955 2581 modo
970 2502 1124 2607 fimpliai
1145 2504 1304 2579 cavitate
1333 2494 1538 2594 gaudeant,
1565 2489 1673 2567 fiali,
1716 2476 1800 2555 aber
1829 2502 1900 2553 aar
1923 2478 1996 2551 eine
2023 2467 2183 2543 einiache
2207 2468 2382 2563 thlung
2409 2460 2537 2549 haben,

843 2648 936 2733 quot
955 2629 1112 2724 serpulas
1130 2627 1309 2718 excipias,
1330 2621 1516 2711 (Linnaeus
1535 2616 1579 2685 de
1597 2617 1674 2685 uni·
1717 2602 1835 2678 etliche
1860 2598 2018 2700 Serpulae
2040 2619 2305 2704 ausgeaammen
2330 2590 2461 2681 (Linne‘
2478 2588 2539 2661 hat

843 2784 887 2831 ca
907 2757 1021 2829 solum
1040 2753 1154 2848 specie
1174 2752 1314 2820 locutus
1327 2749 1394 2834 est,
1424 2766 1534 2842 quam
1553 2740 1672 2833 serpu-
1715 2726 1867 2801 mareiae
1881 2724 2018 2828 einzige
2036 2726 2118 2799 Art
2130 2734 2312 2824 genaaat,
2337 2714 2392 2790 die
2409 2736 2539 2788 ervor·

841 2886 918 2957 lam
940 2878 1243 2976 polythalamiam
1267 2860 1344 2950 κατ’
1371 2860 1513 2973 ἓξοχην
1538 2886 1672 2935 nuncu·
1716 2847 1904 2953 augsweise
1926 2845 1980 2921 die
2005 2842 2291 2949 vieliammerige
2312 2853 2467 2921 amate,
2493 2832 2538 2908 da

841 3009 968 3105 pavit,
997 3028 1077 3076 cum
1097 3017 1218 3073 tamen
1230 3001 1316 3069 alias
1332 2975 1447 3067 'etiam
1467 2991 1599 3063 isthmis
1619 2991 1672 3057 in.
1715 2974 1785 3044 wir
1805 2967 1886 3043 doch
1908 2966 1993 3043 auch
2016 2964 2145 3041 andere
2167 2969 2235 3041 mit
2259 2956 2543 3042 Scheidewenden

841 3132 1014 3227 terseptas
1034 3129 1326 3214 invenerimus),
1355 3144 1438 3215 quae
1468 3134 1592 3188 autem
1614 3117 1670 3186 vi.
1714 3088 2049 3198 begabtegqfuilden
2058 3084 2205 3177 haben),
2222 3088 2346 3165 welche
2365 3079 2540 3161 abinvic-

844 3256 986 3327 ciffima
1002 3245 1125 3322 nostiis
1145 3247 1333 3346 generibus
1354 3247 1454 3312 ineo
1476 3239 1669 3323 discedunt,
1713 3215 1837 3289 derum
1876 3214 1981 3292 daria
2017 3238 2085 3289 van
2121 3213 2242 3311 unsern
2290 3207 2541 3312 Gesclrlechtera

844 3379 947 3479 quod
978 3376 1180 3451 adhereant
1209 3372 1285 3439 aliis
1309 3366 1541 3460 corporibus,
1570 3362 1672 3459 quod
1715 3330 1888 3441 abgssieni
1917 3334 1994 3433 dass
2006 3338 2062 3435 ste
2094 3334 2290 3432 anjaadere
2322 3328 2544 3433 Kb'rperfich

843 3504 943 3576 secus
965 3503 1002 3571 in
1025 3495 1184 3593 praefatis
1207 3489 1419 3589 generibus,
1452 3511 1535 3582 quae
1556 3481 1672 3564 libera
1714 3460 1899 3551 misenen,
1916 3460 1963 3536 da
1976 3460 2147 3565 hingegeu
2165 3461 2347 3538 macilente
2358 3450 2542 3554 Gescilech·

757 3612 760 3617 Α
844 3628 948 3716 sunt,
976 3647 1052 3720 quo
1070 3642 1143 3687 non
1166 3616 1280 3685 solum
1302 3637 1383 3684 cum
1411 3612 1549 3707 serpula
1569 3609 1671 3680 semi·
1713 3602 1772 3661 ter
1802 3585 1879 3679 frey
1894 3582 1999 3682 stad,
2025 3588 2139 3663 worin
2161 3588 2215 3684 ste
2242 3582 2338 3660 nicht
2367 3603 2438 3654 nur
2471 3576 2539 3651 mit

845 3752 933 3823 nulo
964 3747 1071 3818 Linn.
1101 3747 1118 3833 (
1128 3763 1210 3837 quae
1241 3763 1333 3810 vero
1355 3737 1458 3808 nobis
1483 3737 1673 3830 proprium
1715 3704 1777 3782 der
1806 3706 1956 3811 Serpula
1980 3706 2195 3785 Semiaalum
2221 3707 2329 3790 Lina.
2353 3701 2425 3804 (die
2458 3695 2544 3777 aber

846 3898 959 3975 genus
990 3867 1236 3949 mammarii
1271 3865 1418 3933 nomine
1449 3862 1669 3954 constituit),
1714 3828 1778 3938 bey
1798 3858 1863 3909 um
1887 3834 1943 3909 05¹²
1969 3835 2105 3939 eigenes
2129 3831 2323 3933 &scilecit
2341 3845 2447 3907 auter
2469 3824 2544 3901 dem

845 3994 1298 4099 sed&h0cc011ve11iuni,
1327 3986 1427 4083 quod
1448 3986 1542 4057 dicta
1565 3984 1669 4082 Serp.
1712 3950 2544 4051 M'i'mFrumentasiumau5mt²0¹12>2stmd²m

848 4122 1073 4197 Seminuium
1092 4141 1241 4215 quoque
1264 4113 1535 4185 multilocularis
1555 4113 1607 4183 fit.
1713 4078 1799 4157 Μ’
1820 4079 1926 4156 darm
1960 4078 2283 4168 ''iber‘fmmfflms
2310 4078 2389 4175 ‘3⁶ss
2400 4072 2544 4186 gem·

1713 4222 1751 4284 te
1781 4204 1934 4307 serpula
1962 4206 2093 4284 semin.
2116 4206 2200 4283 auch
2218 4203 2474 4309 mebrfcicherig
2493 4199 2546 4293 ist.

924 4353 986 4426 Ad
1003 4350 1271 4446 Polythalamia
1293 4349 1415 4420 referri
1441 4344 1583 4443 poffunt
1600 4346 1674 4417 Te.
1791 4327 1856 4405 ΖΜ
1893 4329 1958 4405 den
1993 4327 2301 4435 vieikammerigen
2339 4320 2546 4426 Kvnciiyiieii

849 4476 907 4549 stae
927 4473 1249 4545 hammoniformes
1264 4474 1350 4544 Dni.
1371 4474 1526 4543 Abbatis
1545 4470 1675 4541 Solda-
1716 4452 1853 4529 1¹5⁶th
1874 4452 1962 4527 auch
1980 4450 2165 4558 germinet
2187 4450 2327 4527 werden
2355 4448 2410 4523 die
2442 4445 2547 4542 Testa

848 4606 886 4675 ni
908 4602 943 4674 T
946 4595 1235 4699 estaceographia
1261 4596 1309 4667 T.
1329 4598 1357 4669 Ι.
1378 4597 1420 4667 Ρ,
1441 4596 1468 4666 Ι.
1493 4596 1568 4667 tab,
1594 4596 1676 4681 63..
1718 4573 2023 4678 hammonifarmes
2048 4576 2110 4653 des
2140 4578 2238 4654 Hrn.
2267 4571 2370 4653 Abts
2397 4566 2547 4641 Soldani

848 4745 910 4827 83.
935 4730 971 4802 ἃ
991 4721 1089 4798 certa
1112 4719 1270 4819 respectu
1288 4723 1398 4793 variae
1419 4718 1676 4817 polymorphae
1717 4701 1756 4775 1⁰7²
1766 4700 1886 4800 [εἶπεν
1905 4701 2213 4810 Testaaeagraphia
2235 4700 2277 4777 T.
2293 4699 2326 4775 1.
2350 4694 2434 4773 PJ.
2459 4684 2548 4768 Tab.

849 4850 892 4927 Ρ.
912 4854 954 4927 Η.
974 4850 1048 4924 tab.
1082 4872 1153 4944 109
1181 4886 1233 4905 -
1263 4844 1372 4916 finem
1395 4844 1572 4941 dispersae.
1717 4824 1876 4919 68··83,
1901 4824 2261 4933 undgewiffirmaffin
2281 4824 2365 4901 auch
2384 4817 2549 4917 verschie-

1719 4947 1801 5023 deae
1818 4948 1984 5053 vielerley
1992 4948 2181 5054 gestaltete
2193 5002 2204 5035 ‚
2218 4948 2351 5044 diesteh
2369 4948 2418 5019 im
2435 4945 2476 5019 P.
2493 4936 2551 5015 ΙΙ.
2696 5014 2699 5021 ,
2783 5006 2784 5015 ,

1725 5068 1813 5155 Tab.
1836 5092 1907 5171 109
1926 5070 1981 5149 bis
2000 5097 2065 5147 ans
2085 5071 2186 5150 Eade
2211 5074 2403 5168 aerstreaet
2416 5065 2550 5163 finden·

929 5210 1031 5284 Circa
1043 5234 1154 5307 genus
1167 5206 1323 5279 nostrum
1336 5202 1675 5289 Nautilasdictum‚
1783 5194 2187 5303 JnAtfihungunseres
2200 5180 2549 5299 Gesahleahtes‚Nau-

850 5338 908 5410 eui
935 5359 1070 5407 nomen
1098 5333 1170 5403 hoc
1195 5337 1269 5419 Jam
1297 5335 1444 5418 tritum,
1474 5353 1495 5399 a
1524 5328 1673 5399 Nautilo
1720 5322 1802 5391 tilus
1816 5334 2000 5427 gemant,
2018 5322 2089 5417 fiir
2113 5322 2253 5398 welches
2277 5326 2348 5397 wir
2368 5316 2478 5421 diesen
2494 5310 2548 5392 be-

768 5516 772 5520 ,
853 5460 1058 5556 Pompilio,
1096 5459 1158 5555 qui
1189 5479 1320 5552 agmen
1348 5456 1469 5543 ducit,
1508 5452 1679 5547 deprom-
1721 5450 1813 5523 reits
1834 5442 2031 5522 bekannten
2052 5470 2132 5520 vam
2148 5446 2329 5525 Nautilas
2355 5438 2551 5541 Pompilius

852 5585 978 5685 ptum,
1007 5585 1043 5657 ἅ
1070 5605 1091 5653 a
1119 5581 1271 5652 Linnaeo
1302 5583 1425 5677 generi
1449 5578 1511 5650 suo
1535 5576 1677 5670 impofi·
1722 5570 1767 5653 L.
1785 5571 1841 5648 als
1854 5570 1918 5645 der
1932 5568 2041 5662 ersten
2058 5575 2139 5647 Art
2155 5572 2458 5676 hergenammenen
2478 5558 2553 5638 aad

852 5724 952 5803 tum,
978 5707 1158 5784 reservare
1170 5707 1381 5795 maluimus,
1411 5728 1522 5801 quam
1539 5724 1679 5775 novum
1720 5722 1789 5779 voa
1815 5692 2070 5792 Limze‘seinem
2094 5692 2300 5794 Gesehleaite
2325 5676 2549 5801 beygelegten
