<?xml version="1.0" encoding="UTF-8"?>
<!DOCTYPE html PUBLIC "-//W3C//DTD XHTML 1.0 Transitional//EN"
    "http://www.w3.org/TR/xhtml1/DTD/xhtml1-transitional.dtd">
<html xmlns="http://www.w3.org/1999/xhtml" xml:lang="en" lang="en">
 <head>
  <title>
</title>
<meta http-equiv="Content-Type" content="text/html;charset=utf-8" />
  <meta name='ocr-system' content='tesseract 3.04.00' />
  <meta name='ocr-capabilities' content='ocr_page ocr_carea ocr_par ocr_line ocrx_word'/>
</head>
<body>
  <div class='ocr_page' id='page_1' title='image "./testaceamicrosc00mollgoog_0074.png"; bbox 0 0 6009 7342; ppageno 0'>
   <div class='ocr_carea' id='block_1_1' title="bbox 860 1218 1902 1311">
    <p class='ocr_par' dir='ltr' id='par_1_1' title="bbox 860 1218 1902 1311">
     <span class='ocr_line' id='line_1_1' title="bbox 860 1218 1902 1311; baseline 0.018 -54"><span class='ocrx_word' id='word_1_1' title='bbox 860 1237 905 1311; x_wconf 69' lang='lat'>54</span> <span class='ocrx_word' id='word_1_2' title='bbox 1526 1218 1902 1275; x_wconf 49' lang='grc' dir='ltr'>ἓ</span> 
     </span>
    </p>
   </div>
   <div class='ocr_carea' id='block_1_2' title="bbox 855 1391 2557 2105">
    <p class='ocr_par' dir='ltr' id='par_1_2' title="bbox 860 1391 2557 1509">
     <span class='ocr_line' id='line_1_2' title="bbox 860 1391 2557 1509; baseline 0.018 -43"><span class='ocrx_word' id='word_1_3' title='bbox 860 1395 952 1467; x_wconf 90' lang='lat' dir='ltr'>sunt.</span> <span class='ocrx_word' id='word_1_4' title='bbox 979 1391 1420 1481; x_wconf 87' lang='lat' dir='ltr'>ldsoraminulumcnim,</span> <span class='ocrx_word' id='word_1_5' title='bbox 1449 1392 1550 1490; x_wconf 90' lang='lat' dir='ltr'>quod</span> <span class='ocrx_word' id='word_1_6' title='bbox 1561 1399 1598 1466; x_wconf 94' lang='lat' dir='ltr'>in</span> <span class='ocrx_word' id='word_1_7' title='bbox 1611 1421 1684 1470; x_wconf 91' lang='lat' dir='ltr'>uno</span> <span class='ocrx_word' id='word_1_8' title='bbox 1727 1397 1936 1509; x_wconf 69' lang='lat' dir='ltr'>abgarieben</span> <span class='ocrx_word' id='word_1_9' title='bbox 1955 1401 2074 1501; x_wconf 50' lang='grc' dir='ltr'><em>βαιὴ·</em></span> <span class='ocrx_word' id='word_1_10' title='bbox 2101 1404 2281 1487; x_wconf 71' lang='lat' dir='ltr'>denudas</span> <span class='ocrx_word' id='word_1_11' title='bbox 2303 1407 2416 1491; x_wconf 70' lang='lat' dir='ltr'>lisine</span> <span class='ocrx_word' id='word_1_12' title='bbox 2442 1413 2557 1508; x_wconf 74' lang='lat' dir='ltr'>Laui,</span> 
     </span>
    </p>

    <p class='ocr_par' dir='ltr' id='par_1_3' title="bbox 859 1517 2556 1635">
     <span class='ocr_line' id='line_1_3' title="bbox 859 1517 2556 1635; baseline 0.015 -43"><span class='ocrx_word' id='word_1_13' title='bbox 859 1522 1025 1593; x_wconf 88' lang='lat' dir='ltr'>alterove</span> <span class='ocrx_word' id='word_1_14' title='bbox 1046 1517 1237 1615; x_wconf 83' lang='lat' dir='ltr'>specimine</span> <span class='ocrx_word' id='word_1_15' title='bbox 1257 1517 1491 1609; x_wconf 87' lang='lat' dir='ltr'>observatur,</span> <span class='ocrx_word' id='word_1_16' title='bbox 1520 1544 1594 1591; x_wconf 91' lang='lat' dir='ltr'>non</span> <span class='ocrx_word' id='word_1_17' title='bbox 1614 1526 1684 1594; x_wconf 88' lang='lat' dir='ltr'>ori-</span> <span class='ocrx_word' id='word_1_18' title='bbox 1727 1524 1793 1600; x_wconf 83' lang='lat' dir='ltr'>das</span> <span class='ocrx_word' id='word_1_19' title='bbox 1815 1552 1862 1603; x_wconf 84' lang='lat' dir='ltr'>an</span> <span class='ocrx_word' id='word_1_20' title='bbox 1883 1530 2024 1635; x_wconf 84' lang='lat' dir='ltr'>einigen</span> <span class='ocrx_word' id='word_1_21' title='bbox 2048 1526 2198 1611; x_wconf 67' lang='lat' dir='ltr'>sectiles</span> <span class='ocrx_word' id='word_1_22' title='bbox 2218 1526 2420 1616; x_wconf 76' lang='lat' dir='ltr'>berbachtet</span> <span class='ocrx_word' id='word_1_23' title='bbox 2441 1545 2556 1634; x_wconf 80' lang='lat' dir='ltr'>wird,</span> 
     </span>
    </p>

    <p class='ocr_par' dir='ltr' id='par_1_4' title="bbox 857 1644 2556 1762">
     <span class='ocr_line' id='line_1_4' title="bbox 857 1644 2556 1762; baseline 0.016 -48"><span class='ocrx_word' id='word_1_24' title='bbox 857 1644 980 1715; x_wconf 86' lang='lat' dir='ltr'>ficium</span> <span class='ocrx_word' id='word_1_25' title='bbox 1005 1647 1076 1736; x_wconf 81' lang='lat' dir='ltr'>cii,</span> <span class='ocrx_word' id='word_1_26' title='bbox 1113 1645 1174 1718; x_wconf 89' lang='lat' dir='ltr'>sed</span> <span class='ocrx_word' id='word_1_27' title='bbox 1201 1644 1352 1717; x_wconf 86' lang='lat' dir='ltr'><strong>thalami</strong></span> <span class='ocrx_word' id='word_1_28' title='bbox 1383 1647 1477 1715; x_wconf 87' lang='lat' dir='ltr'>inter</span> <span class='ocrx_word' id='word_1_29' title='bbox 1507 1668 1595 1737; x_wconf 88' lang='lat' dir='ltr'>cos,</span> <span class='ocrx_word' id='word_1_30' title='bbox 1622 1653 1685 1745; x_wconf 92' lang='lat' dir='ltr'>qui</span> <span class='ocrx_word' id='word_1_31' title='bbox 1726 1648 1768 1744; x_wconf 88' lang='lat' dir='ltr'>ist</span> <span class='ocrx_word' id='word_1_32' title='bbox 1788 1650 1883 1727; x_wconf 78' lang='lat' dir='ltr'>nicht</span> <span class='ocrx_word' id='word_1_33' title='bbox 1906 1652 1961 1728; x_wconf 82' lang='lat' dir='ltr'>die</span> <span class='ocrx_word' id='word_1_34' title='bbox 1985 1656 2182 1762; x_wconf 79' lang='lat' dir='ltr'>Mzi&#39;ndung</span> <span class='ocrx_word' id='word_1_35' title='bbox 2196 1709 2207 1743; x_wconf 90' lang='lat'><strong>,</strong></span> <span class='ocrx_word' id='word_1_36' title='bbox 2221 1654 2379 1756; x_wconf 79' lang='lat' dir='ltr'>sondern</span> <span class='ocrx_word' id='word_1_37' title='bbox 2403 1691 2475 1744; x_wconf 85' lang='lat' dir='ltr'>nur</span> <span class='ocrx_word' id='word_1_38' title='bbox 2498 1670 2556 1748; x_wconf 80' lang='lat' dir='ltr'>die</span> 
     </span>
    </p>

    <p class='ocr_par' dir='ltr' id='par_1_5' title="bbox 856 1745 2557 1885">
     <span class='ocr_line' id='line_1_5' title="bbox 856 1745 2557 1885; baseline 0.019 -44"><span class='ocrx_word' id='word_1_39' title='bbox 856 1745 975 1841; x_wconf 71' lang='lat' dir='ltr'>ailhuc</span> <span class='ocrx_word' id='word_1_40' title='bbox 999 1771 1156 1862; x_wconf 79' lang='lat' dir='ltr'>exstant,</span> <span class='ocrx_word' id='word_1_41' title='bbox 1182 1773 1300 1842; x_wconf 90' lang='lat' dir='ltr'>ultimi</span> <span class='ocrx_word' id='word_1_42' title='bbox 1323 1769 1522 1843; x_wconf 88' lang='lat' dir='ltr'>antrorsum</span> <span class='ocrx_word' id='word_1_43' title='bbox 1549 1776 1685 1870; x_wconf 89' lang='lat' dir='ltr'>partim</span> <span class='ocrx_word' id='word_1_44' title='bbox 1727 1778 1838 1877; x_wconf 75' lang='lat' dir='ltr'>offam</span> <span class='ocrx_word' id='word_1_45' title='bbox 1860 1779 2033 1885; x_wconf 64' lang='lat' dir='ltr'>Hohlung</span> <span class='ocrx_word' id='word_1_46' title='bbox 2054 1779 2118 1857; x_wconf 86' lang='lat' dir='ltr'>der</span> <span class='ocrx_word' id='word_1_47' title='bbox 2139 1792 2325 1859; x_wconf 78' lang='lat' dir='ltr'>vorwrirts</span> <span class='ocrx_word' id='word_1_48' title='bbox 2346 1812 2430 1866; x_wconf 81' lang='lat' dir='ltr'>zum</span> <span class='ocrx_word' id='word_1_49' title='bbox 2455 1793 2557 1875; x_wconf 72' lang='lat' dir='ltr'>lucil</span> 
     </span>
    </p>

    <p class='ocr_par' dir='ltr' id='par_1_6' title="bbox 855 1894 2551 2105">
     <span class='ocr_line' id='line_1_6' title="bbox 855 1894 2551 2008; baseline 0.021 -41"><span class='ocrx_word' id='word_1_50' title='bbox 855 1894 976 1969; x_wconf 89' lang='lat' dir='ltr'>detriti</span> <span class='ocrx_word' id='word_1_51' title='bbox 998 1898 1137 1970; x_wconf 81' lang='lat' dir='ltr'>cavitas</span> <span class='ocrx_word' id='word_1_52' title='bbox 1154 1911 1294 1993; x_wconf 85' lang='lat' dir='ltr'>aperta.</span> <span class='ocrx_word' id='word_1_53' title='bbox 1725 1895 1977 2008; x_wconf 72' lang='lat' dir='ltr'>abgarieberren</span> <span class='ocrx_word' id='word_1_54' title='bbox 1997 1904 2135 1985; x_wconf 77' lang='lat' dir='ltr'>letzem</span> <span class='ocrx_word' id='word_1_55' title='bbox 2163 1902 2333 1987; x_wconf 66' lang='lat' dir='ltr'>taam</span> <span class='ocrx_word' id='word_1_56' title='bbox 2353 1934 2459 1995; x_wconf 80' lang='lat' dir='ltr'>anter</span> <span class='ocrx_word' id='word_1_57' title='bbox 2482 1919 2551 2001; x_wconf 65' lang='lat' dir='ltr'>cleu</span> 
     </span>
     <span class='ocr_line' id='line_1_7' title="bbox 1724 2022 2087 2105; baseline -0.003 -4"><span class='ocrx_word' id='word_1_58' title='bbox 1724 2022 1808 2101; x_wconf 84' lang='lat' dir='ltr'>noch</span> <span class='ocrx_word' id='word_1_59' title='bbox 1830 2023 2087 2105; x_wconf 75' lang='lat' dir='ltr'>vortandenen.</span> 
     </span>
    </p>
   </div>
   <div class='ocr_carea' id='block_1_3' title="bbox 850 2132 2548 2758">
    <p class='ocr_par' dir='ltr' id='par_1_7' title="bbox 907 2132 2433 2267">
     <span class='ocr_line' id='line_1_8' title="bbox 907 2132 2433 2267; baseline 0.022 -61"><span class='ocrx_word' id='word_1_60' title='bbox 907 2132 1089 2227; x_wconf 84' lang='lat' dir='ltr'>COLOR</span> <span class='ocrx_word' id='word_1_61' title='bbox 1112 2134 1252 2207; x_wconf 88' lang='lat' dir='ltr'>albidus</span> <span class='ocrx_word' id='word_1_62' title='bbox 1275 2134 1310 2205; x_wconf 77' lang='grc' dir='ltr'>δι</span> <span class='ocrx_word' id='word_1_63' title='bbox 1331 2133 1538 2213; x_wconf 85' lang='lat' dir='ltr'>flavescens.</span> <span class='ocrx_word' id='word_1_64' title='bbox 1739 2248 1743 2257; x_wconf 24' lang='grc'>1</span> <span class='ocrx_word' id='word_1_65' title='bbox 1775 2146 1947 2227; x_wconf 85' lang='lat' dir='ltr'><em>FARBE</em></span> <span class='ocrx_word' id='word_1_66' title='bbox 1964 2154 2125 2253; x_wconf 77' lang='lat' dir='ltr'>weisslich</span> <span class='ocrx_word' id='word_1_67' title='bbox 2137 2205 2150 2244; x_wconf 84' lang='lat'><em>‚</em></span> <span class='ocrx_word' id='word_1_68' title='bbox 2176 2157 2261 2234; x_wconf 80' lang='lat' dir='ltr'>auct</span> <span class='ocrx_word' id='word_1_69' title='bbox 2273 2155 2433 2267; x_wconf 82' lang='lat' dir='ltr'>gelblich.</span> 
     </span>
    </p>

    <p class='ocr_par' dir='ltr' id='par_1_8' title="bbox 850 2258 2548 2758">
     <span class='ocr_line' id='line_1_9' title="bbox 902 2258 2548 2377; baseline 0.025 -47"><span class='ocrx_word' id='word_1_70' title='bbox 902 2260 1117 2349; x_wconf 88' lang='lat' dir='ltr'>PATRIA,</span> <span class='ocrx_word' id='word_1_71' title='bbox 1144 2258 1330 2357; x_wconf 83' lang='lat' dir='ltr'>hucusque</span> <span class='ocrx_word' id='word_1_72' title='bbox 1349 2258 1465 2332; x_wconf 83' lang='lat' dir='ltr'>solum</span> <span class='ocrx_word' id='word_1_73' title='bbox 1485 2260 1611 2338; x_wconf 79' lang='lat' dir='ltr'>loffilia</span> <span class='ocrx_word' id='word_1_74' title='bbox 1627 2267 1680 2336; x_wconf 84' lang='lat' dir='ltr'>in·</span> <span class='ocrx_word' id='word_1_75' title='bbox 1774 2270 1820 2349; x_wconf 88' lang='lat' dir='ltr'><em>V</em></span> <span class='ocrx_word' id='word_1_76' title='bbox 1813 2275 1859 2349; x_wconf 84' lang='lat' dir='ltr'><em>A</em></span> <span class='ocrx_word' id='word_1_77' title='bbox 1864 2274 2126 2357; x_wconf 83' lang='lat' dir='ltr'><em>TERLAND</em></span> <span class='ocrx_word' id='word_1_78' title='bbox 2136 2305 2208 2358; x_wconf 84' lang='lat' dir='ltr'>von</span> <span class='ocrx_word' id='word_1_79' title='bbox 2225 2281 2351 2365; x_wconf 82' lang='lat' dir='ltr'>Brunn</span> <span class='ocrx_word' id='word_1_80' title='bbox 2361 2316 2421 2367; x_wconf 82' lang='lat' dir='ltr'>am</span> <span class='ocrx_word' id='word_1_81' title='bbox 2430 2292 2548 2377; x_wconf 78' lang='lat' dir='ltr'>Stein-</span> 
     </span>
     <span class='ocr_line' id='line_1_10' title="bbox 850 2382 2546 2496; baseline 0.023 -38"><span class='ocrx_word' id='word_1_82' title='bbox 850 2402 964 2458; x_wconf 76' lang='lat' dir='ltr'>venta</span> <span class='ocrx_word' id='word_1_83' title='bbox 987 2383 1066 2454; x_wconf 91' lang='lat' dir='ltr'>sunt</span> <span class='ocrx_word' id='word_1_84' title='bbox 1084 2382 1276 2479; x_wconf 84' lang='lat' dir='ltr'>specimina</span> <span class='ocrx_word' id='word_1_85' title='bbox 1295 2387 1333 2455; x_wconf 91' lang='lat' dir='ltr'>in</span> <span class='ocrx_word' id='word_1_86' title='bbox 1351 2408 1451 2485; x_wconf 82' lang='lat' dir='ltr'>pago</span> <span class='ocrx_word' id='word_1_87' title='bbox 1473 2386 1597 2460; x_wconf 89' lang='lat' dir='ltr'>Brunn</span> <span class='ocrx_word' id='word_1_88' title='bbox 1617 2414 1679 2463; x_wconf 88' lang='lat' dir='ltr'>am</span> <span class='ocrx_word' id='word_1_89' title='bbox 1710 2391 1819 2495; x_wconf 81' lang='lat' dir='ltr'>feld,</span> <span class='ocrx_word' id='word_1_90' title='bbox 1852 2397 1972 2475; x_wconf 78' lang='lat' dir='ltr'>etiiclre</span> <span class='ocrx_word' id='word_1_91' title='bbox 1995 2401 2152 2485; x_wconf 82' lang='lat' dir='ltr'>Stuttdeu</span> <span class='ocrx_word' id='word_1_92' title='bbox 2177 2434 2248 2486; x_wconf 84' lang='lat' dir='ltr'>von</span> <span class='ocrx_word' id='word_1_93' title='bbox 2275 2414 2382 2493; x_wconf 81' lang='lat' dir='ltr'>Wien</span> <span class='ocrx_word' id='word_1_94' title='bbox 2404 2420 2444 2492; x_wconf 80' lang='lat' dir='ltr'>in</span> <span class='ocrx_word' id='word_1_95' title='bbox 2471 2419 2546 2496; x_wconf 78' lang='lat' dir='ltr'>Ua·</span> 
     </span>
     <span class='ocr_line' id='line_1_11' title="bbox 851 2507 2543 2646; baseline 0.024 -68"><span class='ocrx_word' id='word_1_96' title='bbox 851 2509 1029 2583; x_wconf 83' lang='lat' dir='ltr'>Steinscld</span> <span class='ocrx_word' id='word_1_97' title='bbox 1050 2511 1190 2607; x_wconf 87' lang='lat' dir='ltr'>aliquot</span> <span class='ocrx_word' id='word_1_98' title='bbox 1215 2507 1387 2583; x_wconf 89' lang='lat' dir='ltr'>horarum</span> <span class='ocrx_word' id='word_1_99' title='bbox 1409 2511 1564 2607; x_wconf 90' lang='lat' dir='ltr'>spatium</span> <span class='ocrx_word' id='word_1_100' title='bbox 1586 2514 1677 2587; x_wconf 92' lang='lat' dir='ltr'>dilli·</span> <span class='ocrx_word' id='word_1_101' title='bbox 1718 2522 1981 2617; x_wconf 77' lang='lat' dir='ltr'>tertsterreich,</span> <span class='ocrx_word' id='word_1_102' title='bbox 2008 2551 2060 2601; x_wconf 75' lang='lat' dir='ltr'>uto</span> <span class='ocrx_word' id='word_1_103' title='bbox 2090 2557 2122 2606; x_wconf 82' lang='grc' dir='ltr'>ιε</span> <span class='ocrx_word' id='word_1_104' title='bbox 2141 2530 2248 2611; x_wconf 75' lang='lat' dir='ltr'>durch</span> <span class='ocrx_word' id='word_1_105' title='bbox 2263 2534 2331 2611; x_wconf 82' lang='lat' dir='ltr'>dar</span> <span class='ocrx_word' id='word_1_106' title='bbox 2358 2534 2543 2646; x_wconf 55' lang='lat' dir='ltr'>Questuq-</span> 
     </span>
     <span class='ocr_line' id='line_1_12' title="bbox 850 2635 2541 2758; baseline 0.022 -51"><span class='ocrx_word' id='word_1_107' title='bbox 850 2650 891 2707; x_wconf 89' lang='lat' dir='ltr'>to</span> <span class='ocrx_word' id='word_1_108' title='bbox 914 2636 960 2707; x_wconf 88' lang='lat' dir='ltr'>ab</span> <span class='ocrx_word' id='word_1_109' title='bbox 980 2636 1069 2707; x_wconf 88' lang='lat' dir='ltr'>urbe</span> <span class='ocrx_word' id='word_1_110' title='bbox 1093 2635 1320 2711; x_wconf 85' lang='lat' dir='ltr'>Vindobona</span> <span class='ocrx_word' id='word_1_111' title='bbox 1349 2638 1500 2709; x_wconf 81' lang='lat' dir='ltr'>Austriae</span> <span class='ocrx_word' id='word_1_112' title='bbox 1529 2638 1673 2713; x_wconf 84' lang='lat' dir='ltr'>infcrio-</span> <span class='ocrx_word' id='word_1_113' title='bbox 1705 2645 1770 2744; x_wconf 87' lang='lat' dir='ltr'>ser</span> <span class='ocrx_word' id='word_1_114' title='bbox 1794 2646 1891 2721; x_wconf 82' lang='lat' dir='ltr'>einer</span> <span class='ocrx_word' id='word_1_115' title='bbox 1909 2648 2038 2728; x_wconf 84' lang='lat' dir='ltr'>mitten</span> <span class='ocrx_word' id='word_1_116' title='bbox 2060 2656 2100 2728; x_wconf 82' lang='lat' dir='ltr'>in</span> <span class='ocrx_word' id='word_1_117' title='bbox 2118 2658 2230 2733; x_wconf 76' lang='lat' dir='ltr'>cinam</span> <span class='ocrx_word' id='word_1_118' title='bbox 2254 2660 2395 2739; x_wconf 78' lang='lat' dir='ltr'>Weiher</span> <span class='ocrx_word' id='word_1_119' title='bbox 2412 2661 2541 2758; x_wconf 71' lang='lat' dir='ltr'>befisd·</span> 
     </span>
    </p>
   </div>
   <div class='ocr_carea' id='block_1_4' title="bbox 719 2760 2541 2882">
    <p class='ocr_par' dir='ltr' id='par_1_9' title="bbox 719 2760 2541 2882">
     <span class='ocr_line' id='line_1_13' title="bbox 719 2760 2541 2882; baseline 0.02 -52"><span class='ocrx_word' id='word_1_120' title='bbox 719 2774 726 2781; x_wconf 81' lang='grc'>’</span> <span class='ocrx_word' id='word_1_121' title='bbox 846 2766 916 2852; x_wconf 88' lang='lat' dir='ltr'>ris,</span> <span class='ocrx_word' id='word_1_122' title='bbox 943 2762 1006 2833; x_wconf 90' lang='lat' dir='ltr'>ubi</span> <span class='ocrx_word' id='word_1_123' title='bbox 1015 2786 1061 2835; x_wconf 81' lang='lat' dir='ltr'>ex</span> <span class='ocrx_word' id='word_1_124' title='bbox 1077 2760 1178 2833; x_wconf 89' lang='lat' dir='ltr'>fonte</span> <span class='ocrx_word' id='word_1_125' title='bbox 1190 2763 1226 2833; x_wconf 91' lang='lat' dir='ltr'>in</span> <span class='ocrx_word' id='word_1_126' title='bbox 1248 2762 1370 2835; x_wconf 88' lang='lat' dir='ltr'>medio</span> <span class='ocrx_word' id='word_1_127' title='bbox 1387 2764 1466 2833; x_wconf 91' lang='lat' dir='ltr'>lacu</span> <span class='ocrx_word' id='word_1_128' title='bbox 1483 2786 1566 2835; x_wconf 91' lang='lat' dir='ltr'>cum</span> <span class='ocrx_word' id='word_1_129' title='bbox 1578 2789 1674 2863; x_wconf 90' lang='lat' dir='ltr'>aqua</span> <span class='ocrx_word' id='word_1_130' title='bbox 1717 2766 1822 2846; x_wconf 77' lang='lat' dir='ltr'>lichen</span> <span class='ocrx_word' id='word_1_131' title='bbox 1846 2766 1966 2874; x_wconf 76' lang='lat' dir='ltr'>QueHe</span> <span class='ocrx_word' id='word_1_132' title='bbox 1977 2823 1991 2859; x_wconf 88' lang='lat'><em>‚</em></span> <span class='ocrx_word' id='word_1_133' title='bbox 2016 2776 2055 2850; x_wconf 87' lang='lat' dir='ltr'>in</span> <span class='ocrx_word' id='word_1_134' title='bbox 2078 2776 2295 2882; x_wconf 77' lang='lat' dir='ltr'>Gestllschaft</span> <span class='ocrx_word' id='word_1_135' title='bbox 2311 2786 2424 2863; x_wconf 80' lang='lat' dir='ltr'>vieler</span> <span class='ocrx_word' id='word_1_136' title='bbox 2437 2789 2541 2869; x_wconf 84' lang='lat' dir='ltr'>aude·</span> 
     </span>
    </p>
   </div>
   <div class='ocr_carea' id='block_1_5' title="bbox 825 2870 2540 5089">
    <p class='ocr_par' dir='ltr' id='par_1_10' title="bbox 825 2870 2540 4989">
     <span class='ocr_line' id='line_1_14' title="bbox 845 2870 2540 3005; baseline 0.022 -48"><span class='ocrx_word' id='word_1_137' title='bbox 845 2870 1003 2960; x_wconf 74' lang='lat' dir='ltr'>scatente</span> <span class='ocrx_word' id='word_1_138' title='bbox 1025 2886 1294 2986; x_wconf 83' lang='lat' dir='ltr'>&amp;fragmentis</span> <span class='ocrx_word' id='word_1_139' title='bbox 1317 2889 1471 2960; x_wconf 89' lang='lat' dir='ltr'>aliorum</span> <span class='ocrx_word' id='word_1_140' title='bbox 1493 2892 1672 2985; x_wconf 84' lang='lat' dir='ltr'>petresac-</span> <span class='ocrx_word' id='word_1_141' title='bbox 1715 2918 1777 2969; x_wconf 86' lang='lat' dir='ltr'>rer</span> <span class='ocrx_word' id='word_1_142' title='bbox 1786 2894 2242 3005; x_wconf 63' lang='lat' dir='ltr'>maresuan-Fragments</span> <span class='ocrx_word' id='word_1_143' title='bbox 2255 2907 2407 2985; x_wconf 72' lang='lat' dir='ltr'>arcadem</span> <span class='ocrx_word' id='word_1_144' title='bbox 2419 2912 2540 2996; x_wconf 84' lang='lat' dir='ltr'>Grun-</span> 
     </span>
     <span class='ocr_line' id='line_1_15' title="bbox 845 3012 2540 3131; baseline 0.021 -49"><span class='ocrx_word' id='word_1_145' title='bbox 845 3027 967 3083; x_wconf 89' lang='lat' dir='ltr'>torum</span> <span class='ocrx_word' id='word_1_146' title='bbox 986 3015 1222 3108; x_wconf 83' lang='lat' dir='ltr'>proveniunt.</span> <span class='ocrx_word' id='word_1_147' title='bbox 1262 3012 1388 3086; x_wconf 90' lang='lat' dir='ltr'>Obvia</span> <span class='ocrx_word' id='word_1_148' title='bbox 1418 3038 1568 3115; x_wconf 90' lang='lat' dir='ltr'>quoquc</span> <span class='ocrx_word' id='word_1_149' title='bbox 1593 3016 1673 3091; x_wconf 91' lang='lat' dir='ltr'>sunt</span> <span class='ocrx_word' id='word_1_150' title='bbox 1715 3012 1756 3090; x_wconf 86' lang='lat' dir='ltr'>de</span> <span class='ocrx_word' id='word_1_151' title='bbox 1777 3014 1906 3092; x_wconf 80' lang='lat' dir='ltr'>hervor</span> <span class='ocrx_word' id='word_1_152' title='bbox 1928 3015 2111 3123; x_wconf 85' lang='lat' dir='ltr'>getriebett</span> <span class='ocrx_word' id='word_1_153' title='bbox 2138 3028 2288 3129; x_wconf 69' lang='lat' dir='ltr'>uuerden.</span> <span class='ocrx_word' id='word_1_154' title='bbox 2315 3035 2409 3113; x_wconf 77' lang='lat' dir='ltr'>Man</span> <span class='ocrx_word' id='word_1_155' title='bbox 2422 3038 2540 3131; x_wconf 78' lang='lat' dir='ltr'>findet</span> 
     </span>
     <span class='ocr_line' id='line_1_16' title="bbox 841 3134 2538 3257; baseline 0.02 -51"><span class='ocrx_word' id='word_1_156' title='bbox 841 3140 880 3208; x_wconf 90' lang='lat' dir='ltr'>in</span> <span class='ocrx_word' id='word_1_157' title='bbox 904 3139 982 3209; x_wconf 89' lang='lat' dir='ltr'>aliis</span> <span class='ocrx_word' id='word_1_158' title='bbox 1005 3137 1093 3207; x_wconf 89' lang='lat' dir='ltr'>locis</span> <span class='ocrx_word' id='word_1_159' title='bbox 1119 3134 1271 3206; x_wconf 82' lang='lat' dir='ltr'>Austriae</span> <span class='ocrx_word' id='word_1_160' title='bbox 1294 3136 1356 3207; x_wconf 88' lang='lat' dir='ltr'>inf.</span> <span class='ocrx_word' id='word_1_161' title='bbox 1387 3139 1423 3209; x_wconf 74' lang='grc' dir='ltr'>ἃ</span> <span class='ocrx_word' id='word_1_162' title='bbox 1447 3140 1495 3209; x_wconf 92' lang='lat' dir='ltr'>ad</span> <span class='ocrx_word' id='word_1_163' title='bbox 1516 3142 1671 3215; x_wconf 87' lang='lat' dir='ltr'>confinia</span> <span class='ocrx_word' id='word_1_164' title='bbox 1713 3140 1772 3218; x_wconf 77' lang='lat' dir='ltr'>ibn</span> <span class='ocrx_word' id='word_1_165' title='bbox 1803 3141 1887 3222; x_wconf 77' lang='lat' dir='ltr'>auci</span> <span class='ocrx_word' id='word_1_166' title='bbox 1917 3166 1964 3217; x_wconf 84' lang='lat' dir='ltr'>an</span> <span class='ocrx_word' id='word_1_167' title='bbox 1991 3146 2150 3226; x_wconf 80' lang='lat' dir='ltr'>melrern</span> <span class='ocrx_word' id='word_1_168' title='bbox 2177 3155 2289 3233; x_wconf 85' lang='lat' dir='ltr'>Orten</span> <span class='ocrx_word' id='word_1_169' title='bbox 2318 3150 2538 3257; x_wconf 69' lang='lat' dir='ltr'>uuerrster-</span> 
     </span>
     <span class='ocr_line' id='line_1_17' title="bbox 841 3260 2536 3392; baseline 0.02 -61"><span class='ocrx_word' id='word_1_170' title='bbox 841 3262 1062 3358; x_wconf 87' lang='lat' dir='ltr'>Hungariae,</span> <span class='ocrx_word' id='word_1_171' title='bbox 1082 3262 1119 3329; x_wconf 89' lang='lat' dir='ltr'>iu</span> <span class='ocrx_word' id='word_1_172' title='bbox 1140 3260 1365 3354; x_wconf 88' lang='lat' dir='ltr'>lapicidinis,</span> <span class='ocrx_word' id='word_1_173' title='bbox 1393 3291 1460 3360; x_wconf 86' lang='lat' dir='ltr'>per</span> <span class='ocrx_word' id='word_1_174' title='bbox 1478 3279 1557 3336; x_wconf 88' lang='lat' dir='ltr'>tota</span> <span class='ocrx_word' id='word_1_175' title='bbox 1573 3292 1669 3361; x_wconf 90' lang='lat' dir='ltr'>prae·</span> <span class='ocrx_word' id='word_1_176' title='bbox 1712 3265 1821 3341; x_wconf 72' lang='lat' dir='ltr'>reicis</span> <span class='ocrx_word' id='word_1_177' title='bbox 1843 3267 1920 3343; x_wconf 84' lang='lat' dir='ltr'>und</span> <span class='ocrx_word' id='word_1_178' title='bbox 1937 3271 2012 3365; x_wconf 78' lang='lat' dir='ltr'>arcs</span> <span class='ocrx_word' id='word_1_179' title='bbox 2025 3268 2089 3346; x_wconf 81' lang='lat' dir='ltr'>der</span> <span class='ocrx_word' id='word_1_180' title='bbox 2113 3272 2265 3356; x_wconf 75' lang='lat' dir='ltr'>Granze</span> <span class='ocrx_word' id='word_1_181' title='bbox 2290 3287 2359 3360; x_wconf 82' lang='lat' dir='ltr'>mit</span> <span class='ocrx_word' id='word_1_182' title='bbox 2385 3285 2536 3392; x_wconf 74' lang='lat' dir='ltr'>Uagam</span> 
     </span>
     <span class='ocr_line' id='line_1_18' title="bbox 841 3384 2538 3506; baseline 0.024 -51"><span class='ocrx_word' id='word_1_183' title='bbox 841 3388 933 3480; x_wconf 91' lang='lat' dir='ltr'>ripia</span> <span class='ocrx_word' id='word_1_184' title='bbox 956 3384 1138 3479; x_wconf 86' lang='lat' dir='ltr'>superiora</span> <span class='ocrx_word' id='word_1_185' title='bbox 1163 3389 1261 3474; x_wconf 85' lang='lat' dir='ltr'>lacus</span> <span class='ocrx_word' id='word_1_186' title='bbox 1290 3386 1558 3463; x_wconf 85' lang='lat' dir='ltr'>Neosrdeliensrs</span> <span class='ocrx_word' id='word_1_187' title='bbox 1578 3394 1669 3467; x_wconf 89' lang='lat' dir='ltr'>dilli.</span> <span class='ocrx_word' id='word_1_188' title='bbox 1710 3389 1749 3461; x_wconf 89' lang='lat' dir='ltr'>in</span> <span class='ocrx_word' id='word_1_189' title='bbox 1760 3387 1826 3465; x_wconf 81' lang='lat' dir='ltr'>den</span> <span class='ocrx_word' id='word_1_190' title='bbox 1837 3389 2207 3506; x_wconf 72' lang='lat' dir='ltr'>steinbriicienlurgs</span> <span class='ocrx_word' id='word_1_191' title='bbox 2220 3404 2297 3481; x_wconf 84' lang='lat' dir='ltr'>dem</span> <span class='ocrx_word' id='word_1_192' title='bbox 2316 3404 2420 3489; x_wconf 80' lang='lat' dir='ltr'>obern</span> <span class='ocrx_word' id='word_1_193' title='bbox 2438 3412 2538 3495; x_wconf 67' lang='lat' dir='ltr'>llleil</span> 
     </span>
     <span class='ocr_line' id='line_1_19' title="bbox 840 3510 2535 3636; baseline 0.018 -57"><span class='ocrx_word' id='word_1_194' title='bbox 840 3512 909 3596; x_wconf 91' lang='lat' dir='ltr'>tis,</span> <span class='ocrx_word' id='word_1_195' title='bbox 942 3532 1077 3605; x_wconf 88' lang='lat' dir='ltr'>nempe</span> <span class='ocrx_word' id='word_1_196' title='bbox 1107 3511 1156 3619; x_wconf 64' lang='lat' dir='ltr'>afl</span> <span class='ocrx_word' id='word_1_197' title='bbox 1185 3511 1225 3584; x_wconf 88' lang='lat' dir='ltr'>S.</span> <span class='ocrx_word' id='word_1_198' title='bbox 1259 3510 1557 3609; x_wconf 86' lang='lat' dir='ltr'>Margaretham‚</span> <span class='ocrx_word' id='word_1_199' title='bbox 1586 3519 1668 3591; x_wconf 87' lang='lat' dir='ltr'>Ma.</span> <span class='ocrx_word' id='word_1_200' title='bbox 1711 3512 1770 3589; x_wconf 82' lang='lat' dir='ltr'>des</span> <span class='ocrx_word' id='word_1_201' title='bbox 1785 3513 1992 3613; x_wconf 85' lang='lat' dir='ltr'>Neustedler</span> <span class='ocrx_word' id='word_1_202' title='bbox 2009 3522 2112 3610; x_wconf 81' lang='lat' dir='ltr'>sees,</span> <span class='ocrx_word' id='word_1_203' title='bbox 2132 3526 2433 3636; x_wconf 82' lang='lat' dir='ltr'>zuMurgareth,</span> <span class='ocrx_word' id='word_1_204' title='bbox 2450 3539 2535 3615; x_wconf 81' lang='lat' dir='ltr'>Ma-</span> 
     </span>
     <span class='ocr_line' id='line_1_20' title="bbox 840 3632 2535 3750; baseline 0.019 -46"><span class='ocrx_word' id='word_1_205' title='bbox 840 3636 932 3704; x_wconf 90' lang='lat' dir='ltr'>riam</span> <span class='ocrx_word' id='word_1_206' title='bbox 943 3632 1202 3725; x_wconf 85' lang='lat' dir='ltr'>Lorettanarn,</span> <span class='ocrx_word' id='word_1_207' title='bbox 1230 3634 1667 3737; x_wconf 88' lang='lat' dir='ltr'>Grusbach(Kroisbach)</span> <span class='ocrx_word' id='word_1_208' title='bbox 1708 3638 1769 3714; x_wconf 84' lang='lat' dir='ltr'>ria</span> <span class='ocrx_word' id='word_1_209' title='bbox 1798 3636 1975 3728; x_wconf 82' lang='lat' dir='ltr'>Loretto,</span> <span class='ocrx_word' id='word_1_210' title='bbox 2005 3643 2188 3726; x_wconf 78' lang='lat' dir='ltr'>Grusbarl</span> <span class='ocrx_word' id='word_1_211' title='bbox 2211 3650 2460 3750; x_wconf 79' lang='lat' dir='ltr'>(liroisbach),</span> <span class='ocrx_word' id='word_1_212' title='bbox 2486 3663 2535 3737; x_wconf 80' lang='lat' dir='ltr'>ius</span> 
     </span>
     <span class='ocr_line' id='line_1_21' title="bbox 839 3760 2534 3876; baseline 0.019 -45"><span class='ocrx_word' id='word_1_213' title='bbox 839 3760 906 3831; x_wconf 72' lang='lat' dir='ltr'>stc.</span> <span class='ocrx_word' id='word_1_214' title='bbox 918 3812 930 3847; x_wconf 90' lang='lat'>,</span> <span class='ocrx_word' id='word_1_215' title='bbox 967 3761 1003 3833; x_wconf 79' lang='grc' dir='ltr'><strong>ἃ</strong></span> <span class='ocrx_word' id='word_1_216' title='bbox 1023 3760 1172 3856; x_wconf 91' lang='lat' dir='ltr'>quidem</span> <span class='ocrx_word' id='word_1_217' title='bbox 1189 3765 1226 3833; x_wconf 92' lang='lat' dir='ltr'>in</span> <span class='ocrx_word' id='word_1_218' title='bbox 1246 3760 1317 3834; x_wconf 90' lang='lat' dir='ltr'>hoc</span> <span class='ocrx_word' id='word_1_219' title='bbox 1337 3767 1466 3837; x_wconf 91' lang='lat' dir='ltr'>ultimo</span> <span class='ocrx_word' id='word_1_220' title='bbox 1488 3766 1572 3840; x_wconf 92' lang='lat' dir='ltr'>loco</span> <span class='ocrx_word' id='word_1_221' title='bbox 1593 3794 1665 3844; x_wconf 90' lang='lat' dir='ltr'>una</span> <span class='ocrx_word' id='word_1_222' title='bbox 1705 3762 1995 3845; x_wconf 67' lang='lat' dir='ltr'>lessam-Brun</span> <span class='ocrx_word' id='word_1_223' title='bbox 2017 3770 2054 3847; x_wconf 86' lang='lat' dir='ltr'>in</span> <span class='ocrx_word' id='word_1_224' title='bbox 2076 3761 2293 3876; x_wconf 74' lang='lat' dir='ltr'>Gesesschuft</span> <span class='ocrx_word' id='word_1_225' title='bbox 2310 3782 2378 3855; x_wconf 79' lang='lat' dir='ltr'>nsit</span> <span class='ocrx_word' id='word_1_226' title='bbox 2400 3784 2534 3863; x_wconf 68' lang='lat' dir='ltr'>mio·</span> 
     </span>
     <span class='ocr_line' id='line_1_22' title="bbox 837 3885 2534 3991; baseline 0.027 -48"><span class='ocrx_word' id='word_1_227' title='bbox 837 3909 920 3955; x_wconf 72' lang='lat' dir='ltr'>cnm</span> <span class='ocrx_word' id='word_1_228' title='bbox 941 3889 1020 3957; x_wconf 74' lang='lat' dir='ltr'>aliis</span> <span class='ocrx_word' id='word_1_229' title='bbox 1038 3885 1225 3958; x_wconf 76' lang='lat' dir='ltr'>Nautilitis</span> <span class='ocrx_word' id='word_1_230' title='bbox 1245 3891 1281 3961; x_wconf 64' lang='grc' dir='ltr'><strong>ἃ</strong></span> <span class='ocrx_word' id='word_1_231' title='bbox 1302 3892 1525 3969; x_wconf 75' lang='lat' dir='ltr'>Ammonitis</span> <span class='ocrx_word' id='word_1_232' title='bbox 1545 3900 1662 3974; x_wconf 77' lang='lat' dir='ltr'>minu.</span> <span class='ocrx_word' id='word_1_233' title='bbox 1705 3912 1771 3965; x_wconf 80' lang='lat' dir='ltr'>netz</span> <span class='ocrx_word' id='word_1_234' title='bbox 1784 3888 1847 3965; x_wconf 85' lang='lat' dir='ltr'>der</span> <span class='ocrx_word' id='word_1_235' title='bbox 1861 3889 2284 3991; x_wconf 77' lang='lat' dir='ltr'>lleinstenAmmoniten,</span> <span class='ocrx_word' id='word_1_236' title='bbox 2311 3914 2534 3987; x_wconf 79' lang='lat' dir='ltr'>worausmit</span> 
     </span>
     <span class='ocr_line' id='line_1_23' title="bbox 834 4008 2533 4124; baseline 0.021 -46"><span class='ocrx_word' id='word_1_237' title='bbox 834 4008 990 4099; x_wconf 82' lang='lat' dir='ltr'>tillimis,</span> <span class='ocrx_word' id='word_1_238' title='bbox 1018 4014 1274 4109; x_wconf 83' lang='lat' dir='ltr'>exquibus&amp;</span> <span class='ocrx_word' id='word_1_239' title='bbox 1302 4013 1384 4086; x_wconf 88' lang='lat' dir='ltr'>hinc</span> <span class='ocrx_word' id='word_1_240' title='bbox 1406 4020 1489 4090; x_wconf 89' lang='lat' dir='ltr'>inde</span> <span class='ocrx_word' id='word_1_241' title='bbox 1509 4024 1661 4094; x_wconf 88' lang='lat' dir='ltr'>immen·</span> <span class='ocrx_word' id='word_1_242' title='bbox 1703 4014 1842 4117; x_wconf 57' lang='lat' dir='ltr'>diligen</span> <span class='ocrx_word' id='word_1_243' title='bbox 1870 4018 2112 4118; x_wconf 66' lang='lat' dir='ltr'>Mifffporiteu</span> <span class='ocrx_word' id='word_1_244' title='bbox 2135 4018 2332 4124; x_wconf 69' lang='lat' dir='ltr'>(bestlnders</span> <span class='ocrx_word' id='word_1_245' title='bbox 2350 4027 2415 4107; x_wconf 82' lang='lat' dir='ltr'>der</span> <span class='ocrx_word' id='word_1_246' title='bbox 2445 4034 2533 4112; x_wconf 73' lang='lat' dir='ltr'>Ml·</span> 
     </span>
     <span class='ocr_line' id='line_1_24' title="bbox 832 4130 2531 4249; baseline 0.024 -47"><span class='ocrx_word' id='word_1_247' title='bbox 832 4134 873 4204; x_wconf 91' lang='lat' dir='ltr'>lis</span> <span class='ocrx_word' id='word_1_248' title='bbox 892 4138 1123 4229; x_wconf 89' lang='lat' dir='ltr'>milleporitis</span> <span class='ocrx_word' id='word_1_249' title='bbox 1144 4137 1359 4232; x_wconf 87' lang='lat' dir='ltr'>(praesertim</span> <span class='ocrx_word' id='word_1_250' title='bbox 1372 4142 1570 4239; x_wconf 86' lang='lat' dir='ltr'>Millepora</span> <span class='ocrx_word' id='word_1_251' title='bbox 1590 4152 1661 4221; x_wconf 88' lang='lat' dir='ltr'>cal·</span> <span class='ocrx_word' id='word_1_252' title='bbox 1704 4130 1826 4233; x_wconf 82' lang='lat' dir='ltr'>lepora</span> <span class='ocrx_word' id='word_1_253' title='bbox 1845 4138 2003 4217; x_wconf 76' lang='lat' dir='ltr'>calcares</span> <span class='ocrx_word' id='word_1_254' title='bbox 2021 4146 2131 4238; x_wconf 63' lang='lat' dir='ltr'>Pau)</span> <span class='ocrx_word' id='word_1_255' title='bbox 2152 4148 2393 4249; x_wconf 74' lang='lat' dir='ltr'>ascisclum</span> <span class='ocrx_word' id='word_1_256' title='bbox 2418 4158 2531 4237; x_wconf 73' lang='lat' dir='ltr'>Pecti-</span> 
     </span>
     <span class='ocr_line' id='line_1_25' title="bbox 833 4257 2531 4372; baseline 0.027 -44"><span class='ocrx_word' id='word_1_257' title='bbox 833 4282 938 4328; x_wconf 87' lang='lat' dir='ltr'>carea</span> <span class='ocrx_word' id='word_1_258' title='bbox 974 4259 1091 4358; x_wconf 87' lang='lat' dir='ltr'>Pall.)</span> <span class='ocrx_word' id='word_1_259' title='bbox 1123 4262 1355 4360; x_wconf 83' lang='lat' dir='ltr'>pulchrisque</span> <span class='ocrx_word' id='word_1_260' title='bbox 1377 4269 1557 4359; x_wconf 85' lang='lat' dir='ltr'>pectinitis</span> <span class='ocrx_word' id='word_1_261' title='bbox 1582 4288 1661 4343; x_wconf 87' lang='lat' dir='ltr'>tota</span> <span class='ocrx_word' id='word_1_262' title='bbox 1702 4257 1822 4345; x_wconf 68' lang='lat' dir='ltr'>nitelis</span> <span class='ocrx_word' id='word_1_263' title='bbox 1849 4261 2046 4372; x_wconf 74' lang='lat' dir='ltr'>derganze</span> <span class='ocrx_word' id='word_1_264' title='bbox 2066 4274 2168 4352; x_wconf 84' lang='lat' dir='ltr'>Stein</span> <span class='ocrx_word' id='word_1_265' title='bbox 2186 4269 2334 4367; x_wconf 61' lang='lat' dir='ltr'>besteis&gt;</span> <span class='ocrx_word' id='word_1_266' title='bbox 2363 4277 2430 4357; x_wconf 68' lang='lat' dir='ltr'>den</span> <span class='ocrx_word' id='word_1_267' title='bbox 2449 4308 2531 4362; x_wconf 71' lang='grc' dir='ltr'><em>Μ</em></span> 
     </span>
     <span class='ocr_line' id='line_1_26' title="bbox 832 4380 2531 4493; baseline 0.025 -53"><span class='ocrx_word' id='word_1_268' title='bbox 832 4385 1019 4480; x_wconf 80' lang='lat' dir='ltr'>congeries</span> <span class='ocrx_word' id='word_1_269' title='bbox 1048 4384 1194 4479; x_wconf 82' lang='lat' dir='ltr'>lapidea</span> <span class='ocrx_word' id='word_1_270' title='bbox 1223 4393 1421 4485; x_wconf 87' lang='lat' dir='ltr'>compofita</span> <span class='ocrx_word' id='word_1_271' title='bbox 1448 4394 1495 4463; x_wconf 84' lang='lat' dir='ltr'>est</span> <span class='ocrx_word' id='word_1_272' title='bbox 1516 4449 1528 4484; x_wconf 66' lang='lat'>‚</span> <span class='ocrx_word' id='word_1_273' title='bbox 1577 4420 1659 4493; x_wconf 79' lang='lat' dir='ltr'>quae</span> <span class='ocrx_word' id='word_1_274' title='bbox 1690 4380 1985 4483; x_wconf 70' lang='lat' dir='ltr'>fsl&#39;lsclillclleinen</span> <span class='ocrx_word' id='word_1_275' title='bbox 2001 4394 2184 4493; x_wconf 66' lang='lat' dir='ltr'>Sallffleln</span> <span class='ocrx_word' id='word_1_276' title='bbox 2199 4402 2531 4489; x_wconf 58' lang='lat' dir='ltr'>nennel‘Mfflmn</span> 
     </span>
     <span class='ocr_line' id='line_1_27' title="bbox 831 4499 2529 4617; baseline 0.024 -53"><span class='ocrx_word' id='word_1_277' title='bbox 831 4508 969 4604; x_wconf 63' lang='lat' dir='ltr'>vulgo,</span> <span class='ocrx_word' id='word_1_278' title='bbox 989 4507 1048 4578; x_wconf 82' lang='lat' dir='ltr'>sed</span> <span class='ocrx_word' id='word_1_279' title='bbox 1059 4533 1275 4606; x_wconf 70' lang='lat' dir='ltr'>perperam,</span> <span class='ocrx_word' id='word_1_280' title='bbox 1292 4516 1383 4611; x_wconf 74' lang='lat' dir='ltr'>lapis</span> <span class='ocrx_word' id='word_1_281' title='bbox 1397 4521 1578 4590; x_wconf 75' lang='lat' dir='ltr'>arenarius</span> <span class='ocrx_word' id='word_1_282' title='bbox 1593 4545 1662 4592; x_wconf 86' lang='lat' dir='ltr'>vo.</span> <span class='ocrx_word' id='word_1_283' title='bbox 1705 4499 1760 4580; x_wconf 74' lang='lat' dir='ltr'>bis</span> <span class='ocrx_word' id='word_1_284' title='bbox 1779 4506 1886 4587; x_wconf 70' lang='lat' dir='ltr'>dallei·</span> <span class='ocrx_word' id='word_1_285' title='bbox 1905 4514 1990 4617; x_wconf 78' lang='lat' dir='ltr'>dlese</span> <span class='ocrx_word' id='word_1_286' title='bbox 2010 4517 2122 4595; x_wconf 63' lang='lat' dir='ltr'>Heln?</span> <span class='ocrx_word' id='word_1_287' title='bbox 2144 4521 2371 4604; x_wconf 68' lang='lat' dir='ltr'>Mffl&#39;tsbrut</span> <span class='ocrx_word' id='word_1_288' title='bbox 2388 4525 2529 4613; x_wconf 76' lang='lat' dir='ltr'>obenhiu</span> 
     </span>
     <span class='ocr_line' id='line_1_28' title="bbox 828 4604 2527 4753; baseline 0.019 -52"><span class='ocrx_word' id='word_1_289' title='bbox 828 4604 1060 4730; x_wconf 36' lang='lat' dir='ltr'>caturj&#39;quia</span> <span class='ocrx_word' id='word_1_290' title='bbox 1079 4635 1138 4708; x_wconf 88' lang='lat' dir='ltr'>hae</span> <span class='ocrx_word' id='word_1_291' title='bbox 1156 4637 1291 4710; x_wconf 80' lang='lat' dir='ltr'>testulae</span> <span class='ocrx_word' id='word_1_292' title='bbox 1309 4643 1457 4711; x_wconf 86' lang='lat' dir='ltr'>marinae</span> <span class='ocrx_word' id='word_1_293' title='bbox 1469 4643 1659 4717; x_wconf 88' lang='lat' dir='ltr'>microsco-</span> <span class='ocrx_word' id='word_1_294' title='bbox 1693 4628 1769 4725; x_wconf 83' lang='lat' dir='ltr'>fiir</span> <span class='ocrx_word' id='word_1_295' title='bbox 1789 4629 1894 4734; x_wconf 80' lang='lat' dir='ltr'>blosse</span> <span class='ocrx_word' id='word_1_296' title='bbox 1908 4638 2137 4720; x_wconf 76' lang='lat' dir='ltr'>Sundlrt&#39;irner</span> <span class='ocrx_word' id='word_1_297' title='bbox 2156 4647 2339 4753; x_wconf 77' lang='lat' dir='ltr'>angesehcn</span> <span class='ocrx_word' id='word_1_298' title='bbox 2360 4652 2437 4730; x_wconf 85' lang='lat' dir='ltr'>und</span> <span class='ocrx_word' id='word_1_299' title='bbox 2446 4678 2527 4733; x_wconf 82' lang='lat' dir='ltr'>aus·</span> 
     </span>
     <span class='ocr_line' id='line_1_29' title="bbox 826 4753 2420 4864; baseline 0.02 -41"><span class='ocrx_word' id='word_1_300' title='bbox 826 4760 918 4848; x_wconf 84' lang='lat' dir='ltr'>picae</span> <span class='ocrx_word' id='word_1_301' title='bbox 929 4759 977 4828; x_wconf 88' lang='lat' dir='ltr'>ad</span> <span class='ocrx_word' id='word_1_302' title='bbox 988 4758 1205 4835; x_wconf 91' lang='lat' dir='ltr'>hodiernum</span> <span class='ocrx_word' id='word_1_303' title='bbox 1224 4769 1483 4861; x_wconf 91' lang='lat' dir='ltr'>tempusoculo</span> <span class='ocrx_word' id='word_1_304' title='bbox 1501 4767 1658 4864; x_wconf 85' lang='lat' dir='ltr'>fugitivo</span> <span class='ocrx_word' id='word_1_305' title='bbox 1698 4782 1728 4861; x_wconf 86' lang='lat' dir='ltr'><em>g</em></span> <span class='ocrx_word' id='word_1_306' title='bbox 1730 4753 1852 4863; x_wconf 77' lang='lat' dir='ltr'>egeben</span> <span class='ocrx_word' id='word_1_307' title='bbox 1869 4761 1945 4838; x_wconf 68' lang='lat' dir='ltr'>llat-</span> <span class='ocrx_word' id='word_1_308' title='bbox 2047 4834 2051 4841; x_wconf 90' lang='lat'><em>.</em></span> <span class='ocrx_word' id='word_1_309' title='bbox 2415 4786 2420 4795; x_wconf 76' lang='grc'><strong><em>’</em></strong></span> 
     </span>
     <span class='ocr_line' id='line_1_30' title="bbox 825 4880 1657 4989; baseline 0.023 -41"><span class='ocrx_word' id='word_1_310' title='bbox 825 4880 995 4975; x_wconf 64' lang='lat' dir='ltr'>inspectae</span> <span class='ocrx_word' id='word_1_311' title='bbox 1015 4911 1083 4982; x_wconf 88' lang='lat' dir='ltr'>pro</span> <span class='ocrx_word' id='word_1_312' title='bbox 1103 4896 1202 4983; x_wconf 91' lang='lat' dir='ltr'>puris</span> <span class='ocrx_word' id='word_1_313' title='bbox 1222 4894 1379 4989; x_wconf 85' lang='lat' dir='ltr'>granulis</span> <span class='ocrx_word' id='word_1_314' title='bbox 1399 4896 1568 4965; x_wconf 85' lang='lat' dir='ltr'>arenariis</span> <span class='ocrx_word' id='word_1_315' title='bbox 1591 4891 1657 4969; x_wconf 85' lang='lat' dir='ltr'>ha-</span> 
     </span>
    </p>

    <p class='ocr_par' dir='ltr' id='par_1_11' title="bbox 826 5003 1301 5089">
     <span class='ocr_line' id='line_1_31' title="bbox 826 5003 1301 5089; baseline 0.034 -17"><span class='ocrx_word' id='word_1_316' title='bbox 826 5003 911 5074; x_wconf 84' lang='lat' dir='ltr'>bitae</span> <span class='ocrx_word' id='word_1_317' title='bbox 935 5010 970 5079; x_wconf 77' lang='grc' dir='ltr'><strong>ἃ</strong></span> <span class='ocrx_word' id='word_1_318' title='bbox 989 5014 1188 5087; x_wconf 81' lang='lat' dir='ltr'>venditatae</span> <span class='ocrx_word' id='word_1_319' title='bbox 1211 5016 1301 5089; x_wconf 89' lang='lat' dir='ltr'>sunt.</span> 
     </span>
    </p>
   </div>
   <div class='ocr_carea' id='block_1_6' title="bbox 880 5127 2519 5376">
    <p class='ocr_par' dir='ltr' id='par_1_12' title="bbox 880 5127 2519 5376">
     <span class='ocr_line' id='line_1_32' title="bbox 880 5127 2519 5273; baseline 0.034 -77"><span class='ocrx_word' id='word_1_320' title='bbox 880 5127 1128 5211; x_wconf 85' lang='lat' dir='ltr'><strong>MENSURA</strong></span> <span class='ocrx_word' id='word_1_321' title='bbox 1155 5166 1169 5211; x_wconf 90' lang='lat'>1</span> <span class='ocrx_word' id='word_1_322' title='bbox 1197 5180 1250 5204; x_wconf 78' lang='grc' dir='ltr'>ι-</span> <span class='ocrx_word' id='word_1_323' title='bbox 1272 5169 1287 5216; x_wconf 87' lang='lat'>1</span> <span class='ocrx_word' id='word_1_324' title='bbox 1312 5145 1333 5230; x_wconf 72' lang='lat'>{-</span> <span class='ocrx_word' id='word_1_325' title='bbox 1353 5147 1414 5217; x_wconf 92' lang='lat' dir='ltr'>lin.</span> <span class='ocrx_word' id='word_1_326' title='bbox 1443 5145 1553 5219; x_wconf 80' lang='lat' dir='ltr'>diam.</span> <span class='ocrx_word' id='word_1_327' title='bbox 1753 5138 1952 5244; x_wconf 80' lang='lat' dir='ltr'><em>GRO&#39;SSE</em></span> <span class='ocrx_word' id='word_1_328' title='bbox 1978 5184 1994 5241; x_wconf 92' lang='lat'>1</span> <span class='ocrx_word' id='word_1_329' title='bbox 2017 5159 2073 5242; x_wconf 83' lang='lat' dir='ltr'>bis</span> <span class='ocrx_word' id='word_1_330' title='bbox 2097 5189 2155 5273; x_wconf 60' lang='lat'>131</span> <span class='ocrx_word' id='word_1_331' title='bbox 2177 5167 2282 5249; x_wconf 78' lang='lat' dir='ltr'>Lim‘e</span> <span class='ocrx_word' id='word_1_332' title='bbox 2305 5172 2355 5249; x_wconf 82' lang='lat' dir='ltr'>im</span> <span class='ocrx_word' id='word_1_333' title='bbox 2381 5160 2519 5253; x_wconf 62' lang='lat' dir='ltr'>Durch&#39;·</span> 
     </span>
     <span class='ocr_line' id='line_1_33' title="bbox 1697 5277 1824 5376; baseline 0.031 -22"><span class='ocrx_word' id='word_1_334' title='bbox 1697 5277 1824 5376; x_wconf 74' lang='lat' dir='ltr'>nuffar.</span> 
     </span>
    </p>
   </div>
   <div class='ocr_carea' id='block_1_7' title="bbox 0 0 3010 7342">
    <p class='ocr_par' dir='ltr' id='par_1_13' title="bbox 0 0 3010 7342">
     <span class='ocr_line' id='line_1_34' title="bbox 0 0 3010 7342; baseline 0 11"><span class='ocrx_word' id='word_1_335' title='bbox 0 0 3010 7342; x_wconf 95' lang='lat' dir='ltr'> </span> 
     </span>
    </p>
   </div>
   <div class='ocr_carea' id='block_1_8' title="bbox 2736 1167 2749 2005">
    <p class='ocr_par' dir='ltr' id='par_1_14' title="bbox 2736 1167 2749 2005">
     <span class='ocr_line' id='line_1_35' title="bbox 2736 1167 2749 2005; baseline 0 0"><span class='ocrx_word' id='word_1_336' title='bbox 2736 1167 2749 2005; x_wconf 95' lang='lat' dir='ltr'> </span> 
     </span>
    </p>
   </div>
  </div>
 </body>
</html>
